2010 3220
0 2231 18 2900 ‘'mmm-mamn-
4 2183 11 2192 κ
2 2128 10 2159 ..ε
0 2070 10 2110 ..a
4 2011 8 2014 .
0 1896 3 1898 -
0 1820 8 1854 -

703 237 709 245 «
792 210 1153 257 PRAEFATIO.
1639 215 1787 259 XLIII

152 327 267 396 AB,
305 346 344 382 s,
383 347 475 383 uos
510 330 617 382 diu.
657 329 771 381 edd.
817 359 879 367 —-
921 348 971 381 u.
999 331 1081 383 12.
1119 347 1224 384 non
1263 332 1392 400 edd„
1430 350 1553 386 nam
1580 333 1688 386 AB.
1717 364 1783 373 —

151 422 203 457 ιι.
231 403 316 456 13.
353 403 503 456 Exue
540 407 585 455 te
623 402 752 471 edd„
790 403 956 455 exuite
994 403 1058 470 A,
1095 408 1264 457 eoeuete
1302 404 1362 458 B.
1402 435 1472 443 —
1510 408 1690 459 diuitis
1727 406 1788 474 L,

149 477 336 530 diuites
372 475 487 543 AB,
525 476 669 529 diues
707 475 821 529 edd.
852 506 914 513 —-
958 495 1007 529 u.
1035 445 1118 530 13.
1155 494 1389 532 reuersus
1426 478 1484 546 L,
1513 496 1687 546 perum
1690 496 1787 532 :sus

151 549 202 602 A
242 547 324 618 (in
361 567 430 601 m
457 548 755 618 peruersis),
792 549 856 602 Β.
895 579 964 586 -
1004 568 1055 602 ιι.
1091 550 1174 603 14.
1211 552 1339 618 quid
1374 550 1533 621 (quod
1567 552 1618 604 A
1658 552 1788 620 edd„

150 639 183 689 q
222 621 293 691 B)
333 639 471 675 nune
507 619 595 691 (B,
631 639 746 674 mm
783 621 861 690 A)
902 623 1108 689 operisti
1145 621 1378 693 (operieti
1413 624 1538 694 AB)
1574 626 1624 678 si
1655 625 1788 690 forte

150 695 225 764 (h.
244 713 286 748 e.
318 696 366 748 si
394 695 660 765 flagitium
692 695 913 764 aliquod
952 697 1296 764 operiendum
1335 697 1520 767 fuerit)
1558 697 1617 766 L,
1653 700 1790 765 quod

88 782 288 823 ’παντο
323 770 544 836 operasti
579 769 628 822 si
662 769 792 834 forte
838 768 968 833 edd„
1014 769 1109 821 sed
1153 787 1251 837 pro
1289 771 1337 823 si
1370 771 1502 836 forte
1540 770 1688 824 Oehl.
1727 773 1782 823 in

149 846 309 896 morte
347 842 578 911 scripsit.
617 872 687 880 —-
726 861 777 895 ιι.
805 842 887 895 15.
926 859 1086 895 eomes
1124 842 1254 910 edd„
1291 841 1400 896 eo‘eS
1421 843 1534 909 AB,
1572 861 1789 897 commu·

148 932 238 969 nes
274 915 428 968 Pitra
467 914 647 984 Spicil.
687 914 766 967 IV
804 934 856 984 p.
880 916 1003 968 226.
1042 945 1115 953 —
1153 934 1203 969 ιι.
1232 884 1313 969 17.
1352 934 1507 984 aeque
1543 917 1674 986 edd„
1712 922 1787 969 at-

146 1006 244 1056 que
280 987 393 1041 AB.
444 1019 509 1027 —-
564 989 834 1056 beniynam
874 988 1004 1057 edd„
1064 989 1281 1057 benifica
1318 989 1431 1043 AB.
1486 1020 1558 1027 —
1612 1009 1662 1042 ιι.
1706 991 1789 1043 18.

147 1063 348 1116 sterilia
384 1061 449 1115 A.
499 1092 570 1099 -—
624 1062 716 1115 sub
755 1063 871 1116 totis
894 1057 1004 1129 (=
1035 1062 1094 1114 in
1130 1065 1328 1131 totum,
1379 1063 1623 1132 omnino)
1672 1061 1785 1129 AB,

145 1136 379 1189 subtutus
417 1133 547 1203 edd„
585 1136 856 1200 subtristis,
891 1135 1180 1199 subeamus,
1218 1136 1499 1190 submissus
1538 1135 1688 1189 Oehl.
1728 1137 1784 1188 in

146 1225 339 1262 comm.
378 1239 448 1246 —
487 1227 537 1261 ιι.
566 1209 648 1261 19.
675 1210 827 1276 pacis
865 1207 996 1276 edd„
1029 1225 1179 1275 paces
1208 1207 1322 1261 AB.
1363 1239 1437 1247 —
1474 1229 1524 1263 ιι.
1549 1210 1635 1262 20.
1672 1210 1782 1263 Ex-

144 1286 359 1350 spectate
396 1281 511 1350 AB,
546 1282 625 1335 Et
657 1286 870 1350 spectate
907 1281 1023 1335 edd.
1070 1311 1141 1319 —
1178 1281 1450 1348 benefactis
1485 1299 1701 1335 usuram
1733 1283 1783 1335 A

147 1356 206 1407 in
243 1374 328 1424 m.,
381 1356 671 1422 benefacitis
709 1373 744 1408 a
781 1356 922 1409 surio
967 1354 1090 1424 AB,
1145 1354 1433 1426 (uestrum.)
1472 1356 1790 1421 Benefaeitis

145 1429 332 1482 adsum
369 1429 487 1482 edd.

298 1501 395 1572 31)
435 1501 715 1555 Iudieibus.
759 1531 821 1538 —
865 1519 916 1553 u.
940 1502 989 1554 2.
1027 1503 1278 1554 detractat
1315 1502 1366 1554 A
1388 1501 1520 1571 edd„
1554 1504 1792 1556 detrectat

146 1573 208 1627 Β.
251 1605 316 1612 -
366 1594 417 1628 ιι.
455 1575 505 1628 3.
557 1575 691 1628 bona
737 1592 872 1627 corr.
918 1575 975 1626 in
1011 1576 1150 1628 dona
1187 1573 1249 1628 B.
1292 1605 1359 1613 —
1402 1576 1580 1629 exenia
1617 1574 1678 1627 Β.
1723 1605 1784 1612 -

143 1646 333 1702 iudices
360 1649 515 1702 :inde
553 1647 683 1715 edd,
720 1648 840 1700 inde
875 1648 934 1699 in
971 1647 1070 1700 AB
1111 1648 1275 1700 deest.
1316 1678 1387 1685 —-
1426 1667 1475 1701 u.
1513 1650 1565 1702 4.
1602 1650 1786 1701 retussi-

412 1732 580 1764 mwnus
601 1719 806 1775 sequitur

146 1783 289 1833 tatur
325 1778 385 1848 L,
422 1781 703 1846 mussequit
776 1777 893 1846 AB,
930 1781 1014 1832 ius
1049 1781 1277 1847 sequitur
1316 1779 1430 1832 edd.
1460 1810 1523 1816 —
1564 1780 1787 1831 datorem

146 1852 199 1905 A
238 1871 379 1921 supr.
418 1853 532 1920 lin.;
607 1853 758 1905 dator
811 1856 885 1904 est
934 1851 1007 1920 A,
1066 1854 1216 1905 dator
1255 1862 1280 1904 e
1328 1852 1398 1921 Β,
1434 1854 1635 1905 datores
1673 1850 1789 1904 edd.

146 1955 221 1962 —
257 1944 309 1977 ιι.
348 1925 398 1978 5.
452 1923 584 1978 Oum
620 1942 724 1991 qua
762 1926 861 1977 erit
895 1924 960 1993 L,
1006 1942 1121 1977 eum
1157 1927 1360 1992 quaerit
1397 1924 1520 1991 AB,
1565 1924 1790 1991 Cumque

146 1999 247 2051 erit
282 1997 397 2051 edd.
449 2028 513 2035 —
564 1998 786 2051 uictoria
824 1998 958 2051 tollit
993 1999 1229 2065 iniquam
1266 1997 1366 2050 AB
1406 1997 1580 2065 oehl„
1633 1999 1789 2050 uicto-

145 2072 285 2132 riam
323 2072 457 2125 tollit
491 2072 676 2138 iniqua
714 2070 837 2140 Rig.
876 2101 950 2108 —
989 2090 1038 2124 u.
1079 2072 1126 2124 6.
1158 2072 1379 2139 pusillos
1418 2070 1531 2138 ΑΒ,
1563 2070 1787 2138 pusillus

148 2145 263 2197 edd.
303 2173 372 2182 —-
413 2163 462 2198 ιι.
504 2146 551 2197 7.
590 2145 738 2198 tollat
774 2143 896 2213 AB,
936 2145 1070 2197 tollit
1107 2144 1222 2198 edd.
1263 2173 1333 2182 —
1373 2145 1509 2211 quod
1544 2144 1618 2211 A,
1656 2160 1689 2211 q
1729 2142 1789 2209 Β,

145 2219 272 2285 quia
312 2217 428 2271 edd.
470 2247 534 2258 --
576 2237 627 2271 u.
667 2218 715 2271 9.
766 2235 881 2285 erqo
919 2218 1068 2286 prior
1107 2216 1239 2270 mihi
1280 2218 1546 2285 scriptura
1586 2185 1636 2268 A
1674 2215 1790 2270 cod.

149 2290 449 2360 uidebatur,
488 2309 624 2360 quae
647 2294 854 2359 postea.
892 2292 949 2343 in
986 2308 1072 2358 eqo
1110 2293 1319 2343 mutata
1351 2294 1456 2360 (ξεί-,ς
1495 2307 1582 2358 eqo
1605 2290 1651 2342 B
1677 2289 1790 2341 edd.

151 2394 222 2402 —
260 2365 415 2418 iudex
451 2364 603 2419 Pitra
643 2362 780 2433 Spie.
805 2363 886 2417 IV
909 2383 961 2433 p.
980 2364 1105 2433 226,
1134 2365 1295 2431 pulex
1318 2363 1431 2431 AB,
1467 2363 1653 2430 duplex
1677 2362 1794 2417 edd.

298 2451 393 2521 32)
434 2452 548 2505 Sibi
575 2451 911 2520 placentibus
949 2481 1024 2489 -—
1061 2470 1113 2504 ιι.
1157 2453 1203 2504 1.
1246 2451 1488 2518 ρνοιωπίέ
1526 2448 1640 2517 AB,
1672 2466 1789 2516 pvo-
1868 2479 1871 2482 -

146 2527 289 2578 uexit
325 2525 440 2578 edd.
482 2554 553 2563 —-
590 2543 641 2577 ιι.
667 2526 716 2577 2.
758 2523 898 2590 Quid
932 2524 983 2576 A
1007 2524 1143 2592 edd„
1180 2525 1253 2591 qd
1287 2524 1351 2576 B.
1390 2551 1460 2561 -—
1499 2542 1549 2575 u.
1572 2523 1620 2575 3.
1661 2522 1787 2574 blas-

144 2598 335 2665 phema
358 2597 471 2666 AB,
509 2598 829 2666 blasphemas
849 2597 983 2666 edd„
1020 2597 1379 2665 blasphemans
1417 2595 1568 2648 Oehl.
1591 2596 1647 2646 in
1673 2593 1789 2646 adn.

156 2699 226 2709 ——-
266 2690 316 2724 ιι.
340 2671 391 2724 5.
425 2673 648 2739 qradum
686 2670 745 2739 L,
777 2671 949 2738 yradu
987 2669 1102 2739 AB,
1135 2671 1332 2738 yradus
1372 2669 1486 2721 edd.
1527 2697 1594 2705 -
1631 2667 1791 2732 fortu-

146 2761 246 2797 nae
284 2744 414 2811 edd„
469 2745 619 2810 furtu
654 2761 718 2797 ne
756 2743 870 2796 AB.
915 2773 978 2782 —-
1020 2762 1069 2796 u.
1109 2744 1159 2796 6.
1196 2759 1299 2796 non
1339 2742 1455 2794 ulla
1493 2740 1622 2805 edd„
1667 2755 1791 2791 mm-

148 2817 298 2870 nulla
335 2817 449 2870 AB.
503 2847 575 2855 -
629 2818 880 2885 dimi-oseis
919 2815 1039 2885 AB,
1091 2816 1312 2869 dinoscis
1351 2813 1464 2866 edd.
1525 2842 1584 2849 -
1645 2830 1695 2863 ιι.
1739 2812 1785 2862 7.
