2010 3220
256 193 447 238 XLVIII
891 189 1250 235 PRAEFATIO.

251 313 374 382 Rig.
413 312 577 379 Oehl.,
615 315 845 365 cruentos
882 310 1032 377 Dan„
1071 310 1292 363 eruentis
1329 309 1442 362 AB.
1486 340 1549 348 ——
1591 329 1642 362 u.
1662 311 1745 364 19.
1782 327 1885 364 sese

252 387 383 449 edd„
429 403 480 438 se
517 384 630 437 ΑΒ.
672 414 734 422 -
778 385 909 451 13696
947 383 1078 450 edd„
1132 384 1284 450 1696666
1322 382 1434 435 ΑΒ.
1480 412 1541 420 -
1585 402 1635 436 ιι.
1675 384 1759 436 20.
1810 385 1886 438 la-

248 463 395 512 trant
428 459 572 511 nobis
609 475 760 510 curae
796 457 978 510 deserti
1013 455 1071 523 L,
1110 457 1307 508 latrant
1341 455 1488 509 nobis
1524 466 1587 509 cu
1616 474 1672 509 re
1701 458 1883 512 deserti

250 531 366 600 AB,
405 533 615 585 latitant
649 531 909 583 nobiseum
945 546 1056 597 6696
1092 530 1274 582 deserti
1312 529 1425 582 edd.

402 604 495 672 38)
534 604 760 657 Iudaeis.
804 634 866 641 —
909 621 958 655 ιι.
1002 603 1047 655 1.
1099 603 1311 656 recalces
1348 602 1394 653 Β
1433 602 1562 670 edd„
1601 603 1664 656 cf.
1709 602 1884 657 Carm.

252 677 411 746 Apol.
451 677 575 745 229,
619 677 816 729 recalea
855 676 939 728 uel
977 676 1199 728 6666616666
1236 675 1300 727 A.
1342 705 1406 712 —-
1449 695 1500 728 ιι.
1539 677 1587 728 2.
1627 677 1886 730 exheredes

251 753 395 804 eritis
439 750 569 818 edd.,
620 766 761 803 exere
805 749 1031 802 deseritis
1076 747 1189 801 AB.
1237 778 1306 786 ——
1355 768 1403 801 ιι.
1443 750 1492 800 4.
1548 751 1735 816 aspicis
1773 749 1887 818 AB,

248 825 482 891 aspicitis
520 823 635 876 edd.
677 853 739 861 —
781 823 988 890 Moyses
1011 820 1124 889 AB,
1162 822 1334 876 Moses
1366 821 1480 874 edd.
1519 852 1591 858 —
1629 843 1678 875 ιι.
1703 823 1751 876 5.
1791 824 1886 876 Le·

243 915 361 964 96666
396 897 668 950 secundam
706 895 983 964 6(161,1696
1019 896 1239 948 secunda
1277 893 1388 946 AB
1433 925 1494 932 —-
1537 914 1588 948 u.
1628 896 1678 949 6.
1731 913 1887 963 quam

250 970 297 1022 B
336 970 472 1023 Dau.
461 1011 487 1039 .,
531 971 666 1037 966661
701 969 838 1037 Rig„
882 969 1009 1035 quid
1046 966 1195 1020 Oehl.
1237 998 1305 1005 —
1351 969 1681 1022 subsannatis
1717 971 1886 1023 reiecti

250 1043 311 1111 L,
347 1044 653 1097 subsannati
690 1040 979 1112 (subsanati
1001 1039 1070 1109 B)
1109 1042 1275 1094 6666666
1297 1040 1409 1110 ΑΒ,
1445 1042 1751 1095 subsannati
1786 1045 1884 1096 rei-

248 1118 365 1170 66663
404 1116 517 1169 edd.
558 1146 627 1153 —
666 1135 716 1168 ιι.
736 1116 782 1168 7.
821 1116 930 1167 ideo
952 1115 1098 1182 6169666
1135 1114 1265 1183 edd„
1302 1115 1412 1167 66166
1434 1116 1544 1168 66166
1586 1115 1785 1181 [Ι616166
1811 1115 1882 1183 Β]

252 1191 458 1258 6666169666
497 1187 611 1241 ΑΒ.

402 1261 498 1332 39)
537 1261 671 1314 Item
709 1261 934 1313 Iudaeis.
977 1290 1040 1298 —-
1082 1278 1132 1313 ιι.
1176 1261 1221 1314 1.
1245 1261 1419 1313 Liam
1457 1261 1588 1325 edd„
1625 1263 1736 1314 iam
1774 1262 1886 1315 AB.

260 1366 324 1373 —
367 1354 417 1388 ιι.
450 1336 500 1388 2.
538 1339 645 1387 tam
684 1334 814 1402 edd„
851 1335 961 1386 iam
998 1331 1110 1385 AB.
1154 1362 1218 1371 --
1259 1335 1486 1401 infirmis
1525 1334 1655 1403 edd„
1693 1336 1891 1402 infimis

255 1408 367 1462 AB.
407 1439 477 1446 —-
517 1427 567 1461 ιι.
592 1408 640 1460 3.
679 1408 898 1460 seruiuit
934 1406 1064 1474 66161,
1101 1407 1331 1459 seruium
1368 1406 1433 1475 A,
1471 1409 1705 1460 seruiunt
1739 1407 1800 1462 Β.
1821 1439 1885 1447 -

248 1483 436 1535 dilecta
474 1481 603 1550 edd„
640 1481 816 1533 delicto
840 1478 952 1532 AB.
993 1509 1064 1517 --
1105 1499 1153 1532 u.
1179 1479 1226 1532 5.
1255 1481 1407 1546 plene
1444 1479 1540 1532 AB
1566 1481 1701 1551 Rig„
1731 1483 1891 1549 plane

251 1554 404 1607 Oehl.
444 1585 514 1592 —
554 1573 604 1607 u.
637 1554 686 1607 6.
724 1554 1010 1606 similantes
1049 1552 1179 1618 edd„
1215 1554 1471 1607 simulans
1508 1553 1631 1608 AB..
1659 1586 1731 1592 —
1770 1556 1891 1608 alie-

252 1645 352 1681 nae
391 1627 520 1696 edd.,
559 1628 723 1679 aliene
746 1625 858 1678 AB.
890 1655 951 1663 —
994 1645 1044 1678 ιι.
1069 1626 1118 1678 8.
1158 1629 1414 1693 terraeque
1435 1625 1549 1694 AB,
1588 1632 1752 1680 terrae
1775 1629 1889 1681 edd.

257 1731 325 1737 —
365 1701 605 1753 cultorem
644 1699 775 1767 edd„
815 1699 1002 1751 cultore
1039 1696 1152 1750 AB.
1195 1728 1259 1736 -—
1301 1717 1350 1751 ιι.
1376 1699 1409 1751 9
1429 1717 1505 1768 sq.
1543 1700 1620 1752 Et
1639 1701 1770 1753 Abel
1789 1719 1888 1768 pa-

249 1778 461 1837 storem,
507 1774 819 1840 priusquam
855 1772 963 1837 fuit
997 1775 1250 1825 mactatus
1286 1789 1321 1824 a
1355 1773 1521 1837 fratre
1549 1773 1566 1840 ΙΙ
1595 1773 1667 1826 Ι66
1700 1774 1888 1839 fratris

250 1848 453 1900 saeuitu
489 1846 853 1898 immaculatus
891 1844 1098 1910 offertor
1135 1844 1203 1911 L,
1240 1845 1317 1897 Et
1352 1846 1418 1896 A.
1448 1850 1655 1912 pastore
1683 1848 1890 1913 priscus

249 1921 342 1986 qui
361 1969 363 1971 .
374 1920 482 1985 fuit
516 1919 882 1971 immaculatus
919 1915 1285 1987 (immaculatio
1326 1916 1396 1987 Β)
1435 1918 1641 1983 offertor
1668 1918 1686 1987 ΙΙ
1715 1919 1787 1972 Ι66
1821 1922 1891 1986 fr.

285 1994 387 2034 euto

248 2052 383 2103 666666
423 2049 578 2120 (euito
616 2047 687 2119 Β)
727 2050 820 2116 qui
853 2048 959 2114 fuit
994 2052 1246 2101 mactatus
1284 2066 1319 2100 a
1352 2049 1518 2113 fratre
1555 2049 1673 2116 AB,
1712 2051 1779 2103 Ε.
1818 2051 1886 2103 Α.

242 2128 525 2190 pastorem,
573 2124 662 2189 qui
696 2123 804 2187 fuit
839 2122 1201 2174 immaculatus
1229 2121 1247 2189 ΙΙ
1279 2121 1348 2174 In
1382 2122 1451 2186 fr.
1490 2123 1642 2174 exitio
1682 2123 1888 2188 offertor

252 2200 505 2248 mactatus
540 2213 576 2247 a
609 2195 678 2260 fr.
719 2195 854 2263 edd.;
892 2195 951 2246 in
985 2194 1171 2259 fratris
1207 2195 1330 2247 crisi
1369 2192 1473 2262 (=-
1487 2195 1704 2265 iudicio)
1737 2195 1885 2249 Pitra

251 2267 434 2336 spicil.
481 2267 559 2321 IV
612 2287 662 2336 p.
709 2268 814 2320 227
872 2267 1008 2320 coni.
1089 2266 1365 2319 Librarius
1423 2267 1702 2336 archetypi
1755 2270 1888 2321 mihi

253 2341 465 2393 uidetur
511 2359 574 2393 ex
621 2341 798 2410 priore
852 2342 1005 2408 parte
1055 2351 1241 2392 uersus
1291 2341 1421 2392 noni
1469 2341 1525 2393 in
1577 2342 1800 2394 alteram
1839 2362 1888 2396 ιι.

254 2414 552 2483 sequentis‘
576 2414 910 2466 aberrauisse
965 2415 1124 2481 atque
1178 2413 1346 2465 uerba
1391 2417 1627 2467 extrema
1671 2434 1721 2468 ιι.
1759 2416 1891 2468 noni

254 2487 479 2556 genuini
531 2487 711 2539 uersui
764 2485 969 2538 decimo
1020 2485 1269 2538 mutilato
1321 2487 1648 2557 ascripsisse3
1703 2506 1887 2540 uersus

252 2561 401 2611 enim
437 2577 625 2627 nonuS,
665 2560 756 2628 qui
793 2576 934 2611 nune
972 2558 1030 2610 in
1060 2557 1157 2610 AB
1189 2559 1401 2628 legitur,
1440 2560 1656 2613 modum
1687 2561 1888 2613 iustum

253 2652 303 2685 ιι.
342 2633 637 2685 hexametri
677 2632 881 2685 excedit
918 2648 1089 2700 neque
1130 2634 1315 2699 aptum
1356 2650 1570 2685 sensum
1607 2634 1843 2702 praebet.

402 2718 499 2789 40)
538 2720 736 2773 Iterum
774 2721 914 2787 ipsis.
957 2748 1020 2755 —-
1063 2737 1113 2770 ιι.
1157 2720 1201 2771 1.
1253 2719 1375 2771 66636
1395 2724 1558 2772 uester
1595 2720 1727 2789 edd„
1781 2722 1889 2774 nisi

253 2793 291 2845 66
330 2793 395 2862 A,
432 2794 537 2846 nisi
573 2796 636 2845 νί
670 2790 792 2863 (sic)
831 2791 891 2844 Β.
919 2820 987 2827 -
1027 2810 1074 2844 ιι.
1100 2791 1149 2843 2.
1189 2791 1417 2860 66666161,
1455 2797 1500 2845 te
1522 2792 1634 2846 AB.
1665 2824 1726 2831 —
1761 2813 1811 2846 ιι.
1837 2794 1884 2847 3.
