<?xml version="1.0" encoding="UTF-8"?>
<!DOCTYPE html PUBLIC "-//W3C//DTD XHTML 1.0 Transitional//EN"
    "http://www.w3.org/TR/xhtml1/DTD/xhtml1-transitional.dtd">
<html xmlns="http://www.w3.org/1999/xhtml" xml:lang="en" lang="en">
 <head>
  <title>
</title>
<meta http-equiv="Content-Type" content="text/html;charset=utf-8" />
  <meta name='ocr-system' content='tesseract 3.04.00' />
  <meta name='ocr-capabilities' content='ocr_page ocr_carea ocr_par ocr_line ocrx_word'/>
</head>
<body>
  <div class='ocr_page' id='page_1' title='image "./carminalud01commuoft_0040.png"; bbox 0 0 2010 3220; ppageno 0'>
   <div class='ocr_carea' id='block_1_1' title="bbox 301 214 1297 262">
    <p class='ocr_par' dir='ltr' id='par_1_1' title="bbox 301 214 1297 262">
     <span class='ocr_line' id='line_1_1' title="bbox 301 214 1297 262; baseline -0.002 0"><span class='ocrx_word' id='word_1_1' title='bbox 301 217 540 262; x_wconf 89' lang='lat' dir='ltr'>XXXVIII</span> <span class='ocrx_word' id='word_1_2' title='bbox 937 214 1297 261; x_wconf 82' lang='lat' dir='ltr'>PRAEFATIO.</span> 
     </span>
    </p>
   </div>
   <div class='ocr_carea' id='block_1_2' title="bbox 296 333 1936 696">
    <p class='ocr_par' dir='ltr' id='par_1_2' title="bbox 296 333 1936 696">
     <span class='ocr_line' id='line_1_2' title="bbox 303 333 1934 405; baseline -0.001 -16"><span class='ocrx_word' id='word_1_3' title='bbox 303 337 515 404; x_wconf 74' lang='lat' dir='ltr'><strong><em>tyranni</em></strong></span> <span class='ocrx_word' id='word_1_4' title='bbox 552 335 604 388; x_wconf 92' lang='lat' dir='ltr'>A</span> <span class='ocrx_word' id='word_1_5' title='bbox 642 336 699 388; x_wconf 87' lang='lat' dir='ltr'><strong><em>in</em></strong></span> <span class='ocrx_word' id='word_1_6' title='bbox 735 354 820 404; x_wconf 90' lang='lat' dir='ltr'><strong><em>m.,</em></strong></span> <span class='ocrx_word' id='word_1_7' title='bbox 858 340 966 389; x_wconf 76' lang='lat' dir='ltr'><strong><em>tera</em></strong></span> <span class='ocrx_word' id='word_1_8' title='bbox 1002 336 1061 388; x_wconf 88' lang='lat' dir='ltr'><strong><em>in</em></strong></span> <span class='ocrx_word' id='word_1_9' title='bbox 1100 335 1151 387; x_wconf 89' lang='lat' dir='ltr'>A</span> <span class='ocrx_word' id='word_1_10' title='bbox 1187 336 1243 388; x_wconf 88' lang='lat' dir='ltr'><strong><em>in</em></strong></span> <span class='ocrx_word' id='word_1_11' title='bbox 1282 338 1447 403; x_wconf 83' lang='lat' dir='ltr'><strong><em>textu,</em></strong></span> <span class='ocrx_word' id='word_1_12' title='bbox 1485 339 1605 387; x_wconf 74' lang='lat' dir='ltr'><strong><em>tura</em></strong></span> <span class='ocrx_word' id='word_1_13' title='bbox 1641 333 1869 405; x_wconf 83' lang='lat' dir='ltr'><strong><em>(ineerta</em></strong></span> <span class='ocrx_word' id='word_1_14' title='bbox 1898 354 1934 388; x_wconf 76' lang='lat' dir='ltr'><strong><em>a</em></strong></span> 
     </span>
     <span class='ocr_line' id='line_1_3' title="bbox 302 407 1936 478; baseline 0 -16"><span class='ocrx_word' id='word_1_15' title='bbox 302 411 497 478; x_wconf 84' lang='lat' dir='ltr'><strong><em>littera,</em></strong></span> <span class='ocrx_word' id='word_1_16' title='bbox 536 409 676 462; x_wconf 85' lang='lat' dir='ltr'><strong><em>forte</em></strong></span> <span class='ocrx_word' id='word_1_17' title='bbox 715 407 842 478; x_wconf 79' lang='lat' dir='ltr'><strong><em>tira)</em></strong></span> <span class='ocrx_word' id='word_1_18' title='bbox 881 410 940 460; x_wconf 87' lang='lat' dir='ltr'><strong><em>in</em></strong></span> <span class='ocrx_word' id='word_1_19' title='bbox 977 407 1040 478; x_wconf 91' lang='lat' dir='ltr'><strong><em>B,</em></strong></span> <span class='ocrx_word' id='word_1_20' title='bbox 1079 413 1171 462; x_wconf 77' lang='lat' dir='ltr'><strong><em>tua</em></strong></span> <span class='ocrx_word' id='word_1_21' title='bbox 1207 409 1266 462; x_wconf 88' lang='lat' dir='ltr'><strong><em>in</em></strong></span> <span class='ocrx_word' id='word_1_22' title='bbox 1305 408 1420 461; x_wconf 89' lang='lat' dir='ltr'><strong><em>edd.</em></strong></span> <span class='ocrx_word' id='word_1_23' title='bbox 1458 438 1523 446; x_wconf 83' lang='lat'><strong><em>—-</em></strong></span> <span class='ocrx_word' id='word_1_24' title='bbox 1554 408 1768 461; x_wconf 56' lang='lat' dir='ltr'><strong><em>residere</em></strong></span> <span class='ocrx_word' id='word_1_25' title='bbox 1805 409 1936 477; x_wconf 70' lang='lat' dir='ltr'><strong><em>edd„</em></strong></span> 
     </span>
     <span class='ocr_line' id='line_1_4' title="bbox 299 481 1935 551; baseline 0.001 -17"><span class='ocrx_word' id='word_1_26' title='bbox 299 485 520 536; x_wconf 76' lang='lat' dir='ltr'><strong><em>resedere</em></strong></span> <span class='ocrx_word' id='word_1_27' title='bbox 557 482 670 534; x_wconf 89' lang='lat' dir='ltr'>AB.</span> <span class='ocrx_word' id='word_1_28' title='bbox 709 511 775 519; x_wconf 93' lang='lat'>—</span> <span class='ocrx_word' id='word_1_29' title='bbox 827 500 876 533; x_wconf 98' lang='grc' dir='ltr'><strong><em>ιι.</em></strong></span> <span class='ocrx_word' id='word_1_30' title='bbox 916 482 964 534; x_wconf 86' lang='grc'><strong><em>9.</em></strong></span> <span class='ocrx_word' id='word_1_31' title='bbox 1009 481 1309 550; x_wconf 71' lang='lat' dir='ltr'><strong><em>refuyiseere</em></strong></span> <span class='ocrx_word' id='word_1_32' title='bbox 1345 481 1443 534; x_wconf 89' lang='lat' dir='ltr'>AB</span> <span class='ocrx_word' id='word_1_33' title='bbox 1483 481 1614 551; x_wconf 87' lang='lat' dir='ltr'><strong><em>edd.,</em></strong></span> <span class='ocrx_word' id='word_1_34' title='bbox 1658 481 1824 534; x_wconf 85' lang='lat' dir='ltr'><strong><em>forte:</em></strong></span> <span class='ocrx_word' id='word_1_35' title='bbox 1862 499 1935 535; x_wconf 87' lang='lat' dir='ltr'><strong><em>re-</em></strong></span> 
     </span>
     <span class='ocr_line' id='line_1_5' title="bbox 296 554 1935 624; baseline -0.001 -15"><span class='ocrx_word' id='word_1_36' title='bbox 296 557 468 624; x_wconf 70' lang='lat' dir='ltr'><strong><em>fuyire</em></strong></span> <span class='ocrx_word' id='word_1_37' title='bbox 505 556 594 607; x_wconf 90' lang='lat' dir='ltr'><strong><em>uel</em></strong></span> <span class='ocrx_word' id='word_1_38' title='bbox 632 554 951 623; x_wconf 69' lang='lat' dir='ltr'><strong><em>refuyiseens.</em></strong></span> <span class='ocrx_word' id='word_1_39' title='bbox 1007 584 1071 591; x_wconf 92' lang='lat'><strong><em>—-</em></strong></span> <span class='ocrx_word' id='word_1_40' title='bbox 1120 574 1170 607; x_wconf 91' lang='grc' dir='ltr'><strong><em>ιι.</em></strong></span> <span class='ocrx_word' id='word_1_41' title='bbox 1214 556 1283 608; x_wconf 90' lang='grc'><strong><em>10</em></strong></span> <span class='ocrx_word' id='word_1_42' title='bbox 1336 554 1450 608; x_wconf 89' lang='lat' dir='ltr'><strong><em>edd.</em></strong></span> <span class='ocrx_word' id='word_1_43' title='bbox 1498 554 1935 608; x_wconf 72' lang='lat' dir='ltr'><strong><em>antecedentibus</em></strong></span> 
     </span>
     <span class='ocr_line' id='line_1_6' title="bbox 297 627 1935 696; baseline -0.001 -15"><span class='ocrx_word' id='word_1_44' title='bbox 297 630 611 696; x_wconf 83' lang='lat' dir='ltr'><strong><em>iunxerunt,</em></strong></span> <span class='ocrx_word' id='word_1_45' title='bbox 665 627 1004 680; x_wconf 81' lang='lat' dir='ltr'><strong><em>undecimum</em></strong></span> <span class='ocrx_word' id='word_1_46' title='bbox 1044 631 1225 680; x_wconf 86' lang='lat' dir='ltr'><strong><em>autem</em></strong></span> <span class='ocrx_word' id='word_1_47' title='bbox 1263 648 1314 681; x_wconf 91' lang='lat' dir='ltr'><strong><em>u.</em></strong></span> <span class='ocrx_word' id='word_1_48' title='bbox 1354 628 1611 696; x_wconf 77' lang='lat' dir='ltr'><strong><em>sequenti.</em></strong></span> <span class='ocrx_word' id='word_1_49' title='bbox 1655 658 1717 665; x_wconf 91' lang='lat'>—</span> <span class='ocrx_word' id='word_1_50' title='bbox 1759 646 1810 680; x_wconf 89' lang='grc' dir='ltr'><strong><em>ιι.</em></strong></span> <span class='ocrx_word' id='word_1_51' title='bbox 1853 629 1935 681; x_wconf 79' lang='grc'><strong><em>12.</em></strong></span> 
     </span>
    </p>
   </div>
   <div class='ocr_carea' id='block_1_3' title="bbox 296 711 1936 1106">
    <p class='ocr_par' dir='ltr' id='par_1_3' title="bbox 296 711 1936 1106">
     <span class='ocr_line' id='line_1_7' title="bbox 300 711 1935 814; baseline 0.001 -17"><span class='ocrx_word' id='word_1_52' title='bbox 300 747 446 798; x_wconf 71' lang='lat' dir='ltr'><em>modo</em></span> <span class='ocrx_word' id='word_1_53' title='bbox 470 746 521 797; x_wconf 84' lang='lat' dir='ltr'>A</span> <span class='ocrx_word' id='word_1_54' title='bbox 545 745 674 812; x_wconf 70' lang='lat' dir='ltr'><strong><em>edd„</em></strong></span> <span class='ocrx_word' id='word_1_55' title='bbox 711 711 892 798; x_wconf 60' lang='lat' dir='ltr'><strong><em>modiis</em></strong></span> <span class='ocrx_word' id='word_1_56' title='bbox 914 743 974 798; x_wconf 90' lang='lat' dir='ltr'><strong><em>B.</em></strong></span> <span class='ocrx_word' id='word_1_57' title='bbox 1016 775 1085 782; x_wconf 84' lang='lat'><em>-</em></span> <span class='ocrx_word' id='word_1_58' title='bbox 1125 764 1175 797; x_wconf 81' lang='lat' dir='ltr'><strong><em>u.</em></strong></span> <span class='ocrx_word' id='word_1_59' title='bbox 1203 745 1285 798; x_wconf 88' lang='lat'><strong><em>14.</em></strong></span> <span class='ocrx_word' id='word_1_60' title='bbox 1314 746 1499 812; x_wconf 69' lang='lat' dir='ltr'><strong><em>prodis</em></strong></span> <span class='ocrx_word' id='word_1_61' title='bbox 1535 745 1646 804; x_wconf 73' lang='lat' dir='ltr'><strong><em>sub,</em></strong></span> <span class='ocrx_word' id='word_1_62' title='bbox 1667 744 1781 814; x_wconf 87' lang='lat' dir='ltr'><strong><em>AB,</em></strong></span> <span class='ocrx_word' id='word_1_63' title='bbox 1809 762 1935 813; x_wconf 69' lang='lat' dir='ltr'><strong><em>pro-</em></strong></span> 
     </span>
     <span class='ocr_line' id='line_1_8' title="bbox 296 817 1936 886; baseline 0.001 -16"><span class='ocrx_word' id='word_1_64' title='bbox 296 820 380 872; x_wconf 84' lang='lat' dir='ltr'><strong><em>dis</em></strong></span> <span class='ocrx_word' id='word_1_65' title='bbox 417 819 499 871; x_wconf 82' lang='lat' dir='ltr'><strong><em>dei</em></strong></span> <span class='ocrx_word' id='word_1_66' title='bbox 535 819 627 870; x_wconf 79' lang='lat' dir='ltr'><strong><em>snb</em></strong></span> <span class='ocrx_word' id='word_1_67' title='bbox 667 817 782 870; x_wconf 91' lang='lat' dir='ltr'><strong><em>edd.</em></strong></span> <span class='ocrx_word' id='word_1_68' title='bbox 836 848 906 855; x_wconf 90' lang='lat'><em>-</em></span> <span class='ocrx_word' id='word_1_69' title='bbox 963 819 1175 886; x_wconf 72' lang='lat' dir='ltr'><strong><em>tyranni</em></strong></span> <span class='ocrx_word' id='word_1_70' title='bbox 1212 818 1264 869; x_wconf 93' lang='lat' dir='ltr'>A</span> <span class='ocrx_word' id='word_1_71' title='bbox 1302 818 1359 869; x_wconf 91' lang='lat' dir='ltr'><strong><em>in</em></strong></span> <span class='ocrx_word' id='word_1_72' title='bbox 1396 837 1488 886; x_wconf 90' lang='lat' dir='ltr'><strong><em>m.,</em></strong></span> <span class='ocrx_word' id='word_1_73' title='bbox 1528 817 1641 870; x_wconf 91' lang='lat' dir='ltr'><strong><em>edd.</em></strong></span> <span class='ocrx_word' id='word_1_74' title='bbox 1650 859 1664 884; x_wconf 93' lang='lat'>,</span> <span class='ocrx_word' id='word_1_75' title='bbox 1722 823 1936 886; x_wconf 74' lang='lat' dir='ltr'><strong><em>tyranne</em></strong></span> 
     </span>
     <span class='ocr_line' id='line_1_9' title="bbox 300 890 1934 962; baseline 0.001 -19"><span class='ocrx_word' id='word_1_76' title='bbox 300 891 414 944; x_wconf 90' lang='lat' dir='ltr'>AB.</span> <span class='ocrx_word' id='word_1_77' title='bbox 457 921 521 928; x_wconf 92' lang='lat'>—</span> <span class='ocrx_word' id='word_1_78' title='bbox 564 911 613 943; x_wconf 91' lang='lat' dir='ltr'><strong><em>u.</em></strong></span> <span class='ocrx_word' id='word_1_79' title='bbox 656 891 740 944; x_wconf 83' lang='lat'><strong><em>15.</em></strong></span> <span class='ocrx_word' id='word_1_80' title='bbox 788 891 919 956; x_wconf 75' lang='lat' dir='ltr'><strong><em>fatis</em></strong></span> <span class='ocrx_word' id='word_1_81' title='bbox 955 893 1008 943; x_wconf 92' lang='lat' dir='ltr'>A</span> <span class='ocrx_word' id='word_1_82' title='bbox 1045 891 1102 943; x_wconf 91' lang='lat' dir='ltr'><strong><em>in</em></strong></span> <span class='ocrx_word' id='word_1_83' title='bbox 1139 910 1224 958; x_wconf 83' lang='lat' dir='ltr'><strong><em>m.,</em></strong></span> <span class='ocrx_word' id='word_1_84' title='bbox 1263 890 1308 942; x_wconf 93' lang='grc' dir='ltr'>Β</span> <span class='ocrx_word' id='word_1_85' title='bbox 1350 890 1480 959; x_wconf 74' lang='lat' dir='ltr'><strong><em>edd,</em></strong></span> <span class='ocrx_word' id='word_1_86' title='bbox 1522 890 1677 956; x_wconf 73' lang='lat' dir='ltr'><strong><em>factis</em></strong></span> <span class='ocrx_word' id='word_1_87' title='bbox 1713 891 1765 944; x_wconf 88' lang='lat' dir='ltr'>A</span> <span class='ocrx_word' id='word_1_88' title='bbox 1800 891 1861 944; x_wconf 89' lang='lat' dir='ltr'><strong><em>in</em></strong></span> <span class='ocrx_word' id='word_1_89' title='bbox 1898 896 1934 962; x_wconf 82' lang='lat' dir='ltr'><strong><em>t.</em></strong></span> 
     </span>
     <span class='ocr_line' id='line_1_10' title="bbox 300 963 1933 1032; baseline 0.001 -15"><span class='ocrx_word' id='word_1_90' title='bbox 300 994 369 1001; x_wconf 94' lang='lat'><strong><em>—-</em></strong></span> <span class='ocrx_word' id='word_1_91' title='bbox 407 966 554 1017; x_wconf 80' lang='lat' dir='ltr'><strong><em>enias</em></strong></span> <span class='ocrx_word' id='word_1_92' title='bbox 598 965 745 1017; x_wconf 83' lang='lat' dir='ltr'><strong><em>modo</em></strong></span> <span class='ocrx_word' id='word_1_93' title='bbox 783 964 915 1032; x_wconf 74' lang='lat' dir='ltr'><strong><em>Leye</em></strong></span> <span class='ocrx_word' id='word_1_94' title='bbox 959 965 1137 1018; x_wconf 80' lang='lat' dir='ltr'><strong><em>inanis</em></strong></span> <span class='ocrx_word' id='word_1_95' title='bbox 1183 963 1251 1032; x_wconf 89' lang='lat' dir='ltr'><strong><em>B,</em></strong></span> <span class='ocrx_word' id='word_1_96' title='bbox 1305 964 1356 1017; x_wconf 92' lang='lat' dir='ltr'><strong><em>h.</em></strong></span> <span class='ocrx_word' id='word_1_97' title='bbox 1397 982 1439 1016; x_wconf 86' lang='lat' dir='ltr'><strong><em>e.</em></strong></span> <span class='ocrx_word' id='word_1_98' title='bbox 1492 964 1622 1016; x_wconf 86' lang='lat' dir='ltr'><strong><em>fatis</em></strong></span> <span class='ocrx_word' id='word_1_99' title='bbox 1677 964 1933 1031; x_wconf 67' lang='lat' dir='ltr'><strong><em>adnot-sie,</em></strong></span> 
     </span>
     <span class='ocr_line' id='line_1_11' title="bbox 298 1034 1933 1106; baseline 0.001 -17"><span class='ocrx_word' id='word_1_100' title='bbox 298 1055 419 1090; x_wconf 84' lang='lat' dir='ltr'><strong><em>cum</em></strong></span> <span class='ocrx_word' id='word_1_101' title='bbox 451 1038 625 1106; x_wconf 84' lang='lat' dir='ltr'><strong><em>legem</em></strong></span> <span class='ocrx_word' id='word_1_102' title='bbox 655 1037 970 1106; x_wconf 77' lang='lat' dir='ltr'><strong><em>neglexeriS,</em></strong></span> <span class='ocrx_word' id='word_1_103' title='bbox 1002 1038 1202 1090; x_wconf 81' lang='lat' dir='ltr'><strong><em>senties</em></strong></span> <span class='ocrx_word' id='word_1_104' title='bbox 1234 1041 1287 1089; x_wconf 90' lang='lat' dir='ltr'><strong><em>te</em></strong></span> <span class='ocrx_word' id='word_1_105' title='bbox 1320 1056 1352 1090; x_wconf 87' lang='lat' dir='ltr'><strong><em>a</em></strong></span> <span class='ocrx_word' id='word_1_106' title='bbox 1377 1034 1592 1090; x_wconf 79' lang='lat' dir='ltr'><strong><em>Christo</em></strong></span> <span class='ocrx_word' id='word_1_107' title='bbox 1625 1037 1933 1091; x_wconf 73' lang='lat' dir='ltr'><strong><em>discessisse</em></strong></span> 
     </span>
    </p>
   </div>
   <div class='ocr_carea' id='block_1_4' title="bbox 297 1109 1935 1180">
    <p class='ocr_par' dir='ltr' id='par_1_4' title="bbox 297 1109 1935 1180">
     <span class='ocr_line' id='line_1_12' title="bbox 297 1109 1935 1180; baseline 0.001 -18"><span class='ocrx_word' id='word_1_108' title='bbox 297 1114 351 1162; x_wconf 81' lang='lat' dir='ltr'><strong><em>et</em></strong></span> <span class='ocrx_word' id='word_1_109' title='bbox 376 1110 521 1163; x_wconf 77' lang='lat' dir='ltr'><strong><em>‘loca</em></strong></span> <span class='ocrx_word' id='word_1_110' title='bbox 552 1109 815 1179; x_wconf 84' lang='lat' dir='ltr'><strong><em>maligna&#39;</em></strong></span> <span class='ocrx_word' id='word_1_111' title='bbox 841 1110 1090 1162; x_wconf 86' lang='lat' dir='ltr'><strong><em>sortitum</em></strong></span> <span class='ocrx_word' id='word_1_112' title='bbox 1123 1128 1260 1180; x_wconf 78' lang='lat' dir='ltr'><strong><em>esse3</em></strong></span> <span class='ocrx_word' id='word_1_113' title='bbox 1299 1110 1364 1163; x_wconf 83' lang='lat' dir='ltr'><strong><em>cf.</em></strong></span> <span class='ocrx_word' id='word_1_114' title='bbox 1397 1111 1681 1163; x_wconf 81' lang='lat' dir='ltr'><strong><em>articulum</em></strong></span> <span class='ocrx_word' id='word_1_115' title='bbox 1715 1127 1935 1180; x_wconf 87' lang='lat' dir='ltr'><strong><em>sequen-</em></strong></span> 
     </span>
    </p>
   </div>
   <div class='ocr_carea' id='block_1_5' title="bbox 292 1194 1933 1296">
    <p class='ocr_par' dir='ltr' id='par_1_5' title="bbox 292 1194 1933 1296">
     <span class='ocr_line' id='line_1_13' title="bbox 292 1194 1933 1296; baseline 0.001 -18"><span class='ocrx_word' id='word_1_116' title='bbox 292 1229 425 1296; x_wconf 83' lang='lat' dir='ltr'><strong><em>tem3</em></strong></span> <span class='ocrx_word' id='word_1_117' title='bbox 465 1194 612 1279; x_wconf 52' lang='lat' dir='ltr'><strong><em>cuni}</em></strong></span> <span class='ocrx_word' id='word_1_118' title='bbox 649 1228 795 1279; x_wconf 83' lang='lat' dir='ltr'><strong><em>niodo</em></strong></span> <span class='ocrx_word' id='word_1_119' title='bbox 833 1194 988 1294; x_wconf 61' lang='lat' dir='ltr'><strong><em>Leygs</em></strong></span> <span class='ocrx_word' id='word_1_120' title='bbox 993 1228 1170 1280; x_wconf 87' lang='lat' dir='ltr'><strong><em>inanis</em></strong></span> <span class='ocrx_word' id='word_1_121' title='bbox 1207 1226 1273 1295; x_wconf 89' lang='lat' dir='ltr'><strong><em>A,</em></strong></span> <span class='ocrx_word' id='word_1_122' title='bbox 1311 1228 1455 1280; x_wconf 78' lang='lat' dir='ltr'><strong><em>euius</em></strong></span> <span class='ocrx_word' id='word_1_123' title='bbox 1492 1245 1558 1280; x_wconf 84' lang='lat' dir='ltr'><strong><em>m.</em></strong></span> <span class='ocrx_word' id='word_1_124' title='bbox 1591 1227 1691 1295; x_wconf 75' lang='lat' dir='ltr'><strong><em>leye</em></strong></span> <span class='ocrx_word' id='word_1_125' title='bbox 1727 1228 1933 1281; x_wconf 77' lang='lat' dir='ltr'><strong><em>innaris</em></strong></span> 
     </span>
    </p>
   </div>
   <div class='ocr_carea' id='block_1_6' title="bbox 283 1299 1932 2038">
    <p class='ocr_par' dir='ltr' id='par_1_6' title="bbox 293 1299 1929 1444">
     <span class='ocr_line' id='line_1_14' title="bbox 297 1299 1929 1370; baseline 0.001 -18"><span class='ocrx_word' id='word_1_126' title='bbox 297 1299 442 1370; x_wconf 82' lang='lat' dir='ltr'><strong><em>edd.;</em></strong></span> <span class='ocrx_word' id='word_1_127' title='bbox 513 1299 577 1352; x_wconf 90' lang='lat' dir='ltr'><strong><em>de</em></strong></span> <span class='ocrx_word' id='word_1_128' title='bbox 639 1299 873 1352; x_wconf 80' lang='lat' dir='ltr'><strong><em>dictione</em></strong></span> <span class='ocrx_word' id='word_1_129' title='bbox 929 1299 1071 1370; x_wconf 71' lang='lat' dir='ltr'><strong><em>‘lege</em></strong></span> <span class='ocrx_word' id='word_1_130' title='bbox 1126 1299 1349 1353; x_wconf 60' lang='lat' dir='ltr'><strong><em>inanis&#39;</em></strong></span> <span class='ocrx_word' id='word_1_131' title='bbox 1385 1299 1451 1352; x_wconf 87' lang='lat' dir='ltr'><strong><em>ef.</em></strong></span> <span class='ocrx_word' id='word_1_132' title='bbox 1506 1299 1644 1353; x_wconf 70' lang='lat' dir='ltr'><strong><em>tiure</em></strong></span> <span class='ocrx_word' id='word_1_133' title='bbox 1698 1300 1929 1369; x_wconf 85' lang='lat' dir='ltr'><strong><em>peritus’</em></strong></span> 
     </span>
     <span class='ocr_line' id='line_1_15' title="bbox 293 1370 1759 1444; baseline 0 -18"><span class='ocrx_word' id='word_1_134' title='bbox 293 1371 468 1426; x_wconf 86' lang='lat' dir='ltr'>Carm.</span> <span class='ocrx_word' id='word_1_135' title='bbox 509 1372 611 1441; x_wconf 89' lang='lat' dir='ltr'><strong><em>Ap.</em></strong></span> <span class='ocrx_word' id='word_1_136' title='bbox 649 1372 759 1425; x_wconf 79' lang='lat'><strong><em>582</em></strong></span> <span class='ocrx_word' id='word_1_137' title='bbox 799 1370 878 1442; x_wconf 88' lang='lat' dir='ltr'><strong><em>(et</em></strong></span> <span class='ocrx_word' id='word_1_138' title='bbox 918 1372 1176 1426; x_wconf 72' lang='lat' dir='ltr'><strong><em>‘nudatus</em></strong></span> <span class='ocrx_word' id='word_1_139' title='bbox 1217 1392 1249 1426; x_wconf 87' lang='lat' dir='ltr'>a</span> <span class='ocrx_word' id='word_1_140' title='bbox 1286 1372 1457 1443; x_wconf 84' lang='lat' dir='ltr'><strong><em>Lege&#39;</em></strong></span> <span class='ocrx_word' id='word_1_141' title='bbox 1502 1375 1547 1442; x_wconf 89' lang='lat'><strong><em>1,</em></strong></span> <span class='ocrx_word' id='word_1_142' title='bbox 1571 1374 1659 1443; x_wconf 79' lang='lat'><strong><em>24,</em></strong></span> <span class='ocrx_word' id='word_1_143' title='bbox 1683 1371 1759 1444; x_wconf 82' lang='lat'><strong><em>2).</em></strong></span> 
     </span>
    </p>

    <p class='ocr_par' dir='ltr' id='par_1_7' title="bbox 283 1459 1932 2038">
     <span class='ocr_line' id='line_1_16' title="bbox 442 1459 1932 1531; baseline 0.001 -19"><span class='ocrx_word' id='word_1_144' title='bbox 442 1459 537 1531; x_wconf 83' lang='lat'><strong><em>24)</em></strong></span> <span class='ocrx_word' id='word_1_145' title='bbox 576 1460 725 1513; x_wconf 74' lang='lat' dir='ltr'><strong><em>Inter</em></strong></span> <span class='ocrx_word' id='word_1_146' title='bbox 762 1465 1034 1528; x_wconf 56' lang='lat' dir='ltr'><strong><em>unamque</em></strong></span> <span class='ocrx_word' id='word_1_147' title='bbox 1070 1462 1376 1525; x_wconf 74' lang='lat' dir='ltr'><strong><em>uiuentibus.</em></strong></span> <span class='ocrx_word' id='word_1_148' title='bbox 1416 1490 1485 1500; x_wconf 77' lang='lat'><strong><em>——</em></strong></span> <span class='ocrx_word' id='word_1_149' title='bbox 1525 1481 1575 1514; x_wconf 94' lang='grc' dir='ltr'><strong><em>ιι.</em></strong></span> <span class='ocrx_word' id='word_1_150' title='bbox 1604 1464 1649 1515; x_wconf 95' lang='grc'><strong><em>1.</em></strong></span> <span class='ocrx_word' id='word_1_151' title='bbox 1676 1467 1838 1530; x_wconf 73' lang='lat' dir='ltr'><strong><em>putas</em></strong></span> <span class='ocrx_word' id='word_1_152' title='bbox 1875 1461 1932 1530; x_wconf 87' lang='lat' dir='ltr'><strong><em>L,</em></strong></span> 
     </span>
     <span class='ocr_line' id='line_1_17' title="bbox 283 1533 1930 1603; baseline 0.002 -18"><span class='ocrx_word' id='word_1_153' title='bbox 283 1535 475 1600; x_wconf 78' lang='lat' dir='ltr'><strong><em>putaui</em></strong></span> <span class='ocrx_word' id='word_1_154' title='bbox 513 1533 626 1597; x_wconf 83' lang='lat' dir='ltr'><strong><em>AB,</em></strong></span> <span class='ocrx_word' id='word_1_155' title='bbox 656 1537 855 1600; x_wconf 77' lang='lat' dir='ltr'><strong><em>putans</em></strong></span> <span class='ocrx_word' id='word_1_156' title='bbox 893 1533 1008 1587; x_wconf 89' lang='lat' dir='ltr'><strong><em>edd.</em></strong></span> <span class='ocrx_word' id='word_1_157' title='bbox 1049 1564 1119 1573; x_wconf 91' lang='lat'>—</span> <span class='ocrx_word' id='word_1_158' title='bbox 1157 1553 1208 1587; x_wconf 91' lang='lat' dir='ltr'><strong><em>u.</em></strong></span> <span class='ocrx_word' id='word_1_159' title='bbox 1248 1535 1296 1587; x_wconf 81' lang='lat'><strong><em>2.</em></strong></span> <span class='ocrx_word' id='word_1_160' title='bbox 1332 1535 1595 1602; x_wconf 72' lang='lat' dir='ltr'><strong><em>praesenti</em></strong></span> <span class='ocrx_word' id='word_1_161' title='bbox 1631 1535 1698 1603; x_wconf 90' lang='lat' dir='ltr'><strong><em>A,</em></strong></span> <span class='ocrx_word' id='word_1_162' title='bbox 1725 1552 1930 1602; x_wconf 84' lang='lat' dir='ltr'><strong><em>praese-</em></strong></span> 
     </span>
     <span class='ocr_line' id='line_1_18' title="bbox 289 1605 1931 1676; baseline 0.001 -17"><span class='ocrx_word' id='word_1_163' title='bbox 289 1607 373 1660; x_wconf 81' lang='lat' dir='ltr'><strong><em>dis</em></strong></span> <span class='ocrx_word' id='word_1_164' title='bbox 419 1606 469 1659; x_wconf 89' lang='lat' dir='ltr'>A</span> <span class='ocrx_word' id='word_1_165' title='bbox 507 1607 562 1658; x_wconf 92' lang='lat' dir='ltr'><strong><em>in</em></strong></span> <span class='ocrx_word' id='word_1_166' title='bbox 604 1625 689 1673; x_wconf 89' lang='lat' dir='ltr'><strong><em>m.,</em></strong></span> <span class='ocrx_word' id='word_1_167' title='bbox 736 1605 782 1658; x_wconf 94' lang='lat' dir='ltr'><strong>B</strong></span> <span class='ocrx_word' id='word_1_168' title='bbox 821 1607 960 1676; x_wconf 67' lang='lat' dir='ltr'><strong><em>Rig„</em></strong></span> <span class='ocrx_word' id='word_1_169' title='bbox 1009 1609 1244 1675; x_wconf 81' lang='lat' dir='ltr'><strong><em>procedis</em></strong></span> <span class='ocrx_word' id='word_1_170' title='bbox 1292 1607 1429 1660; x_wconf 85' lang='lat' dir='ltr'>Dau.</span> <span class='ocrx_word' id='word_1_171' title='bbox 1468 1607 1616 1660; x_wconf 88' lang='lat' dir='ltr'><strong><em>Oehl.</em></strong></span> <span class='ocrx_word' id='word_1_172' title='bbox 1670 1637 1735 1645; x_wconf 83' lang='lat'><strong><em>—-</em></strong></span> <span class='ocrx_word' id='word_1_173' title='bbox 1791 1627 1842 1661; x_wconf 91' lang='lat' dir='ltr'><strong><em>u.</em></strong></span> <span class='ocrx_word' id='word_1_174' title='bbox 1880 1609 1931 1661; x_wconf 89' lang='lat'><strong><em>4.</em></strong></span> 
     </span>
     <span class='ocr_line' id='line_1_19' title="bbox 289 1678 1926 1748; baseline 0.001 -15"><span class='ocrx_word' id='word_1_175' title='bbox 289 1681 462 1747; x_wconf 69' lang='lat' dir='ltr'><strong><em>eyistis</em></strong></span> <span class='ocrx_word' id='word_1_176' title='bbox 499 1678 613 1747; x_wconf 90' lang='lat' dir='ltr'>AB,</span> <span class='ocrx_word' id='word_1_177' title='bbox 651 1679 797 1747; x_wconf 68' lang='lat' dir='ltr'><strong><em>egisti</em></strong></span> <span class='ocrx_word' id='word_1_178' title='bbox 835 1680 949 1732; x_wconf 81' lang='lat' dir='ltr'><strong><em>edd.</em></strong></span> <span class='ocrx_word' id='word_1_179' title='bbox 988 1711 1061 1718; x_wconf 96' lang='lat'>—</span> <span class='ocrx_word' id='word_1_180' title='bbox 1098 1682 1252 1734; x_wconf 78' lang='lat' dir='ltr'><strong><em>istinc</em></strong></span> <span class='ocrx_word' id='word_1_181' title='bbox 1287 1680 1333 1733; x_wconf 94' lang='lat' dir='ltr'>B</span> <span class='ocrx_word' id='word_1_182' title='bbox 1376 1680 1506 1748; x_wconf 91' lang='lat' dir='ltr'><strong><em>edd.,</em></strong></span> <span class='ocrx_word' id='word_1_183' title='bbox 1543 1679 1733 1734; x_wconf 75' lang='lat' dir='ltr'><strong><em>isthin&#39;e</em></strong></span> <span class='ocrx_word' id='word_1_184' title='bbox 1769 1682 1835 1734; x_wconf 91' lang='lat' dir='ltr'>A.</span> <span class='ocrx_word' id='word_1_185' title='bbox 1863 1712 1926 1718; x_wconf 93' lang='lat'><strong><em>—-</em></strong></span> 
     </span>
     <span class='ocr_line' id='line_1_20' title="bbox 293 1751 1930 1822; baseline 0.001 -17"><span class='ocrx_word' id='word_1_186' title='bbox 293 1754 554 1819; x_wconf 74' lang='lat' dir='ltr'><strong><em>defunctos</em></strong></span> <span class='ocrx_word' id='word_1_187' title='bbox 602 1751 669 1820; x_wconf 87' lang='lat' dir='ltr'><strong><em>L,</em></strong></span> <span class='ocrx_word' id='word_1_188' title='bbox 722 1753 953 1819; x_wconf 79' lang='lat' dir='ltr'><strong><em>defuneto</em></strong></span> <span class='ocrx_word' id='word_1_189' title='bbox 1000 1753 1097 1805; x_wconf 90' lang='lat' dir='ltr'>AB</span> <span class='ocrx_word' id='word_1_190' title='bbox 1138 1753 1254 1806; x_wconf 87' lang='lat' dir='ltr'><strong><em>edd.</em></strong></span> <span class='ocrx_word' id='word_1_191' title='bbox 1292 1782 1364 1790; x_wconf 88' lang='lat'><strong><em>——-</em></strong></span> <span class='ocrx_word' id='word_1_192' title='bbox 1409 1772 1460 1806; x_wconf 91' lang='grc' dir='ltr'><strong><em>ιι.</em></strong></span> <span class='ocrx_word' id='word_1_193' title='bbox 1499 1754 1549 1807; x_wconf 83' lang='grc'><strong><em>5.</em></strong></span> <span class='ocrx_word' id='word_1_194' title='bbox 1601 1755 1832 1821; x_wconf 73' lang='lat' dir='ltr'><strong><em>respicite</em></strong></span> <span class='ocrx_word' id='word_1_195' title='bbox 1869 1753 1930 1822; x_wconf 91' lang='lat' dir='ltr'><strong><em>B,</em></strong></span> 
     </span>
     <span class='ocr_line' id='line_1_21' title="bbox 287 1825 1931 1896; baseline 0.002 -20"><span class='ocrx_word' id='word_1_196' title='bbox 287 1827 475 1894; x_wconf 77' lang='lat' dir='ltr'><strong><em>respice</em></strong></span> <span class='ocrx_word' id='word_1_197' title='bbox 514 1830 569 1878; x_wconf 80' lang='lat' dir='ltr'><strong><em>tu</em></strong></span> <span class='ocrx_word' id='word_1_198' title='bbox 607 1825 673 1893; x_wconf 89' lang='lat' dir='ltr'>A,</span> <span class='ocrx_word' id='word_1_199' title='bbox 712 1828 766 1878; x_wconf 87' lang='lat' dir='ltr'><strong><em>et</em></strong></span> <span class='ocrx_word' id='word_1_200' title='bbox 791 1844 932 1894; x_wconf 87' lang='lat' dir='ltr'><strong><em>supr.</em></strong></span> <span class='ocrx_word' id='word_1_201' title='bbox 956 1826 1047 1879; x_wconf 90' lang='lat' dir='ltr'><strong><em>lin.</em></strong></span> <span class='ocrx_word' id='word_1_202' title='bbox 1067 1826 1129 1895; x_wconf 94' lang='lat' dir='ltr'><strong><em>B,</em></strong></span> <span class='ocrx_word' id='word_1_203' title='bbox 1154 1826 1270 1878; x_wconf 86' lang='lat' dir='ltr'><strong><em>edd.</em></strong></span> <span class='ocrx_word' id='word_1_204' title='bbox 1309 1857 1378 1863; x_wconf 97' lang='lat'><strong>—</strong></span> <span class='ocrx_word' id='word_1_205' title='bbox 1417 1843 1532 1879; x_wconf 87' lang='lat' dir='ltr'><strong><em>eras</em></strong></span> <span class='ocrx_word' id='word_1_206' title='bbox 1550 1831 1607 1879; x_wconf 62' lang='lat' dir='ltr'><strong><em>eb</em></strong></span> <span class='ocrx_word' id='word_1_207' title='bbox 1643 1826 1931 1896; x_wconf 83' lang='lat' dir='ltr'><strong><em>(expuncta</em></strong></span> 
     </span>
     <span class='ocr_line' id='line_1_22' title="bbox 289 1897 1929 1970; baseline 0.002 -20"><span class='ocrx_word' id='word_1_208' title='bbox 289 1898 442 1969; x_wconf 81' lang='lat' dir='ltr'><strong><em>uoce)</em></strong></span> <span class='ocrx_word' id='word_1_209' title='bbox 483 1915 585 1952; x_wconf 77' lang='lat' dir='ltr'><strong><em>eece</em></strong></span> <span class='ocrx_word' id='word_1_210' title='bbox 621 1899 816 1952; x_wconf 76' lang='lat' dir='ltr'><strong><em>uideris</em></strong></span> <span class='ocrx_word' id='word_1_211' title='bbox 853 1898 914 1964; x_wconf 92' lang='lat' dir='ltr'><strong><em>B,</em></strong></span> <span class='ocrx_word' id='word_1_212' title='bbox 969 1901 1070 1953; x_wconf 85' lang='lat' dir='ltr'><strong><em>eris</em></strong></span> <span class='ocrx_word' id='word_1_213' title='bbox 1104 1916 1209 1953; x_wconf 76' lang='lat' dir='ltr'><strong><em>ecoe</em></strong></span> <span class='ocrx_word' id='word_1_214' title='bbox 1244 1918 1295 1953; x_wconf 73' lang='lat' dir='ltr'><strong><em>a.</em></strong></span> <span class='ocrx_word' id='word_1_215' title='bbox 1335 1897 1556 1966; x_wconf 86' lang='lat' dir='ltr'><strong><em>(omisso</em></strong></span> <span class='ocrx_word' id='word_1_216' title='bbox 1595 1898 1666 1970; x_wconf 83' lang='lat' dir='ltr'><strong><em>et)</em></strong></span> <span class='ocrx_word' id='word_1_217' title='bbox 1713 1900 1778 1969; x_wconf 90' lang='lat' dir='ltr'>A,</span> <span class='ocrx_word' id='word_1_218' title='bbox 1830 1899 1929 1953; x_wconf 79' lang='lat' dir='ltr'><strong><em>Re-</em></strong></span> 
     </span>
     <span class='ocr_line' id='line_1_23' title="bbox 286 1972 1930 2038; baseline 0.001 -14"><span class='ocrx_word' id='word_1_219' title='bbox 286 1973 420 2038; x_wconf 76' lang='lat' dir='ltr'><strong><em>spice</em></strong></span> <span class='ocrx_word' id='word_1_220' title='bbox 458 1976 513 2024; x_wconf 78' lang='lat' dir='ltr'><strong><em>tn</em></strong></span> <span class='ocrx_word' id='word_1_221' title='bbox 550 1972 712 2025; x_wconf 77' lang='lat' dir='ltr'><strong><em>stulte.</em></strong></span> <span class='ocrx_word' id='word_1_222' title='bbox 785 1973 912 2025; x_wconf 88' lang='lat' dir='ltr'><strong><em>Non</em></strong></span> <span class='ocrx_word' id='word_1_223' title='bbox 949 1989 1065 2025; x_wconf 82' lang='lat' dir='ltr'><strong><em>eras</em></strong></span> <span class='ocrx_word' id='word_1_224' title='bbox 1102 1977 1150 2025; x_wconf 73' lang='lat' dir='ltr'><strong><em>et</em></strong></span> <span class='ocrx_word' id='word_1_225' title='bbox 1184 1989 1286 2026; x_wconf 80' lang='lat' dir='ltr'><strong><em>ecee</em></strong></span> <span class='ocrx_word' id='word_1_226' title='bbox 1322 1990 1373 2025; x_wconf 79' lang='lat' dir='ltr'><strong><em>a.</em></strong></span> <span class='ocrx_word' id='word_1_227' title='bbox 1430 1973 1543 2026; x_wconf 88' lang='lat' dir='ltr'><strong><em>edd.</em></strong></span> <span class='ocrx_word' id='word_1_228' title='bbox 1589 2003 1650 2011; x_wconf 88' lang='lat'><strong><em>—-</em></strong></span> <span class='ocrx_word' id='word_1_229' title='bbox 1693 1993 1742 2026; x_wconf 92' lang='grc' dir='ltr'><strong><em>ιι.</em></strong></span> <span class='ocrx_word' id='word_1_230' title='bbox 1783 1974 1831 2027; x_wconf 90' lang='grc'><strong>8.</strong></span> <span class='ocrx_word' id='word_1_231' title='bbox 1886 1977 1930 2026; x_wconf 83' lang='lat' dir='ltr'><strong><em>te</em></strong></span> 
     </span>
    </p>
   </div>
   <div class='ocr_carea' id='block_1_7' title="bbox 258 2045 2010 2885">
    <p class='ocr_par' dir='ltr' id='par_1_8' title="bbox 258 2045 2010 2885">
     <span class='ocr_line' id='line_1_24' title="bbox 258 2045 1925 2155; baseline 0.001 -15"><span class='ocrx_word' id='word_1_232' title='bbox 258 2087 422 2155; x_wconf 75' lang='lat' dir='ltr'><strong><em>,edd.,</em></strong></span> <span class='ocrx_word' id='word_1_233' title='bbox 459 2056 512 2140; x_wconf 54' lang='lat' dir='ltr'><strong><em>fec</em></strong></span> <span class='ocrx_word' id='word_1_234' title='bbox 541 2088 614 2155; x_wconf 93' lang='lat' dir='ltr'>A,</span> <span class='ocrx_word' id='word_1_235' title='bbox 659 2045 711 2141; x_wconf 55' lang='grc' dir='ltr'><strong>.ξὲ</strong></span> <span class='ocrx_word' id='word_1_236' title='bbox 747 2087 809 2140; x_wconf 89' lang='grc' dir='ltr'><strong>Β.</strong></span> <span class='ocrx_word' id='word_1_237' title='bbox 850 2118 917 2125; x_wconf 84' lang='grc'>-</span> <span class='ocrx_word' id='word_1_238' title='bbox 959 2107 1007 2141; x_wconf 91' lang='lat' dir='ltr'><strong><em>u.</em></strong></span> <span class='ocrx_word' id='word_1_239' title='bbox 1048 2088 1097 2140; x_wconf 88' lang='lat'><strong><em>9.</em></strong></span> <span class='ocrx_word' id='word_1_240' title='bbox 1147 2087 1262 2141; x_wconf 86' lang='lat' dir='ltr'><strong><em>Deo</em></strong></span> <span class='ocrx_word' id='word_1_241' title='bbox 1299 2088 1516 2141; x_wconf 72' lang='lat' dir='ltr'><strong><em>remittis</em></strong></span> <span class='ocrx_word' id='word_1_242' title='bbox 1554 2087 1691 2155; x_wconf 67' lang='lat' dir='ltr'><strong><em>edd„</em></strong></span> <span class='ocrx_word' id='word_1_243' title='bbox 1743 2089 1805 2142; x_wconf 83' lang='lat' dir='ltr'><strong><em>de</em></strong></span> <span class='ocrx_word' id='word_1_244' title='bbox 1842 2106 1925 2141; x_wconf 80' lang='lat' dir='ltr'><strong><em>ore</em></strong></span> 
     </span>
     <span class='ocr_line' id='line_1_25' title="bbox 288 2160 1922 2229; baseline 0.001 -16"><span class='ocrx_word' id='word_1_245' title='bbox 288 2162 451 2214; x_wconf 79' lang='lat' dir='ltr'><strong><em>mittis</em></strong></span> <span class='ocrx_word' id='word_1_246' title='bbox 487 2160 599 2213; x_wconf 91' lang='lat' dir='ltr'>AB.</span> <span class='ocrx_word' id='word_1_247' title='bbox 642 2189 706 2198; x_wconf 69' lang='lat'>—</span> <span class='ocrx_word' id='word_1_248' title='bbox 750 2180 799 2213; x_wconf 94' lang='grc' dir='ltr'><strong><em>ιι.</em></strong></span> <span class='ocrx_word' id='word_1_249' title='bbox 830 2162 911 2214; x_wconf 87' lang='grc'><strong>10.</strong></span> <span class='ocrx_word' id='word_1_250' title='bbox 949 2162 1008 2214; x_wconf 80' lang='lat' dir='ltr'><strong><em>in</em></strong></span> <span class='ocrx_word' id='word_1_251' title='bbox 1046 2162 1260 2214; x_wconf 77' lang='lat' dir='ltr'><strong><em>tenebris</em></strong></span> <span class='ocrx_word' id='word_1_252' title='bbox 1297 2160 1409 2229; x_wconf 88' lang='lat' dir='ltr'>AB,</span> <span class='ocrx_word' id='word_1_253' title='bbox 1447 2162 1506 2214; x_wconf 87' lang='lat' dir='ltr'><strong><em>in</em></strong></span> <span class='ocrx_word' id='word_1_254' title='bbox 1546 2162 1771 2214; x_wconf 76' lang='lat' dir='ltr'><strong><em>tenebras</em></strong></span> <span class='ocrx_word' id='word_1_255' title='bbox 1810 2161 1922 2214; x_wconf 90' lang='lat' dir='ltr'><strong><em>edd.</em></strong></span> 
     </span>
     <span class='ocr_line' id='line_1_26' title="bbox 294 2233 2010 2303; baseline 0.001 -17"><span class='ocrx_word' id='word_1_256' title='bbox 294 2263 356 2271; x_wconf 83' lang='lat'>—</span> <span class='ocrx_word' id='word_1_257' title='bbox 400 2253 448 2286; x_wconf 90' lang='lat' dir='ltr'><strong><em>u.</em></strong></span> <span class='ocrx_word' id='word_1_258' title='bbox 493 2235 574 2286; x_wconf 95' lang='grc'><strong><em>11.</em></strong></span> <span class='ocrx_word' id='word_1_259' title='bbox 629 2235 857 2288; x_wconf 77' lang='lat' dir='ltr'><strong><em>decurris</em></strong></span> <span class='ocrx_word' id='word_1_260' title='bbox 893 2251 1039 2301; x_wconf 85' lang='lat' dir='ltr'><strong><em>saepe</em></strong></span> <span class='ocrx_word' id='word_1_261' title='bbox 1076 2234 1299 2300; x_wconf 69' lang='lat' dir='ltr'><strong><em>bifarias</em></strong></span> <span class='ocrx_word' id='word_1_262' title='bbox 1336 2234 1388 2286; x_wconf 89' lang='lat' dir='ltr'>A</span> <span class='ocrx_word' id='word_1_263' title='bbox 1427 2252 1570 2302; x_wconf 81' lang='lat' dir='ltr'><strong><em>supr.</em></strong></span> <span class='ocrx_word' id='word_1_264' title='bbox 1610 2234 1720 2303; x_wconf 90' lang='lat' dir='ltr'><strong><em>lin.,</em></strong></span> <span class='ocrx_word' id='word_1_265' title='bbox 1759 2233 1925 2302; x_wconf 71' lang='lat' dir='ltr'><strong><em>Oehl„</em></strong></span> <span class='ocrx_word' id='word_1_266' title='bbox 2009 2248 2010 2263; x_wconf 64' lang='lat'>¹</span> 
     </span>
     <span class='ocr_line' id='line_1_27' title="bbox 286 2306 1923 2377; baseline 0.001 -18"><span class='ocrx_word' id='word_1_267' title='bbox 286 2308 335 2359; x_wconf 84' lang='lat' dir='ltr'><strong><em>d.</em></strong></span> <span class='ocrx_word' id='word_1_268' title='bbox 381 2324 421 2360; x_wconf 90' lang='lat' dir='ltr'><strong><em>s.</em></strong></span> <span class='ocrx_word' id='word_1_269' title='bbox 467 2307 681 2373; x_wconf 76' lang='lat' dir='ltr'><strong><em>bifarios</em></strong></span> <span class='ocrx_word' id='word_1_270' title='bbox 725 2307 847 2375; x_wconf 87' lang='lat' dir='ltr'><strong><em>AB,</em></strong></span> <span class='ocrx_word' id='word_1_271' title='bbox 900 2309 948 2361; x_wconf 80' lang='lat' dir='ltr'><strong><em>d.</em></strong></span> <span class='ocrx_word' id='word_1_272' title='bbox 994 2308 1067 2360; x_wconf 83' lang='lat' dir='ltr'><strong><em>ad</em></strong></span> <span class='ocrx_word' id='word_1_273' title='bbox 1102 2307 1417 2361; x_wconf 77' lang='lat' dir='ltr'><strong><em>Pharisaeos</em></strong></span> <span class='ocrx_word' id='word_1_274' title='bbox 1461 2306 1582 2377; x_wconf 79' lang='lat' dir='ltr'><strong><em>Rig.</em></strong></span> <span class='ocrx_word' id='word_1_275' title='bbox 1628 2335 1699 2345; x_wconf 90' lang='lat'><strong><em>--</em></strong></span> <span class='ocrx_word' id='word_1_276' title='bbox 1748 2326 1796 2360; x_wconf 92' lang='grc' dir='ltr'><strong><em>ιι.</em></strong></span> <span class='ocrx_word' id='word_1_277' title='bbox 1841 2308 1923 2360; x_wconf 88' lang='grc'><strong>13.</strong></span> 
     </span>
     <span class='ocr_line' id='line_1_28' title="bbox 285 2379 1922 2448; baseline 0.001 -15"><span class='ocrx_word' id='word_1_278' title='bbox 285 2381 394 2433; x_wconf 80' lang='lat' dir='ltr'><strong><em>exis</em></strong></span> <span class='ocrx_word' id='word_1_279' title='bbox 431 2379 480 2431; x_wconf 91' lang='lat' dir='ltr'>A</span> <span class='ocrx_word' id='word_1_280' title='bbox 504 2380 636 2447; x_wconf 72' lang='lat' dir='ltr'><strong><em>edd„</em></strong></span> <span class='ocrx_word' id='word_1_281' title='bbox 674 2397 736 2433; x_wconf 77' lang='lat' dir='ltr'><strong><em>ex</em></strong></span> <span class='ocrx_word' id='word_1_282' title='bbox 772 2382 846 2434; x_wconf 81' lang='lat' dir='ltr'><strong><em>sis</em></strong></span> <span class='ocrx_word' id='word_1_283' title='bbox 882 2379 943 2433; x_wconf 91' lang='lat' dir='ltr'><strong><em>B.</em></strong></span> <span class='ocrx_word' id='word_1_284' title='bbox 984 2411 1052 2418; x_wconf 94' lang='lat'><strong><em>—-</em></strong></span> <span class='ocrx_word' id='word_1_285' title='bbox 1091 2380 1225 2446; x_wconf 78' lang='lat' dir='ltr'><strong><em>fana</em></strong></span> <span class='ocrx_word' id='word_1_286' title='bbox 1247 2379 1344 2433; x_wconf 90' lang='lat' dir='ltr'>AB</span> <span class='ocrx_word' id='word_1_287' title='bbox 1371 2380 1500 2448; x_wconf 69' lang='lat' dir='ltr'><strong><em>edd„</em></strong></span> <span class='ocrx_word' id='word_1_288' title='bbox 1534 2381 1724 2446; x_wconf 85' lang='lat' dir='ltr'><strong><em>fraena</em></strong></span> <span class='ocrx_word' id='word_1_289' title='bbox 1763 2381 1821 2434; x_wconf 91' lang='lat' dir='ltr'><strong><em>in</em></strong></span> <span class='ocrx_word' id='word_1_290' title='bbox 1851 2399 1922 2434; x_wconf 87' lang='lat' dir='ltr'><strong><em>m.</em></strong></span> 
     </span>
     <span class='ocr_line' id='line_1_29' title="bbox 286 2451 1920 2523; baseline 0.002 -19"><span class='ocrx_word' id='word_1_291' title='bbox 286 2452 352 2506; x_wconf 89' lang='lat' dir='ltr'>A.</span> <span class='ocrx_word' id='word_1_292' title='bbox 392 2482 462 2491; x_wconf 89' lang='lat'><strong><em>——</em></strong></span> <span class='ocrx_word' id='word_1_293' title='bbox 502 2472 551 2505; x_wconf 94' lang='lat' dir='ltr'><strong><em>u.</em></strong></span> <span class='ocrx_word' id='word_1_294' title='bbox 595 2453 678 2506; x_wconf 84' lang='lat'><strong><em>15.</em></strong></span> <span class='ocrx_word' id='word_1_295' title='bbox 730 2455 820 2521; x_wconf 76' lang='lat' dir='ltr'><strong><em>qui</em></strong></span> <span class='ocrx_word' id='word_1_296' title='bbox 854 2471 891 2506; x_wconf 86' lang='lat' dir='ltr'><strong><em>a</em></strong></span> <span class='ocrx_word' id='word_1_297' title='bbox 928 2453 975 2506; x_wconf 93' lang='lat' dir='ltr'><strong>B</strong></span> <span class='ocrx_word' id='word_1_298' title='bbox 1015 2452 1143 2522; x_wconf 66' lang='lat' dir='ltr'><strong><em>edd„</em></strong></span> <span class='ocrx_word' id='word_1_299' title='bbox 1188 2454 1313 2520; x_wconf 70' lang='lat' dir='ltr'><strong><em>Quia</em></strong></span> <span class='ocrx_word' id='word_1_300' title='bbox 1350 2451 1462 2522; x_wconf 83' lang='lat' dir='ltr'><strong><em>(uel</em></strong></span> <span class='ocrx_word' id='word_1_301' title='bbox 1499 2452 1638 2523; x_wconf 74' lang='lat' dir='ltr'><strong><em>qais)</em></strong></span> <span class='ocrx_word' id='word_1_302' title='bbox 1677 2471 1712 2507; x_wconf 86' lang='lat' dir='ltr'><strong><em>a</em></strong></span> <span class='ocrx_word' id='word_1_303' title='bbox 1749 2454 1813 2506; x_wconf 89' lang='lat' dir='ltr'>A.</span> <span class='ocrx_word' id='word_1_304' title='bbox 1857 2483 1920 2492; x_wconf 90' lang='lat'><em>-</em></span> 
     </span>
     <span class='ocr_line' id='line_1_30' title="bbox 286 2526 1924 2596; baseline 0.001 -18"><span class='ocrx_word' id='word_1_305' title='bbox 286 2530 446 2579; x_wconf 80' lang='lat' dir='ltr'><strong><em>morte</em></strong></span> <span class='ocrx_word' id='word_1_306' title='bbox 482 2526 533 2578; x_wconf 93' lang='lat' dir='ltr'>A</span> <span class='ocrx_word' id='word_1_307' title='bbox 570 2526 702 2592; x_wconf 70' lang='lat' dir='ltr'><strong><em>edd„</em></strong></span> <span class='ocrx_word' id='word_1_308' title='bbox 739 2531 907 2580; x_wconf 77' lang='lat' dir='ltr'><strong><em>monte</em></strong></span> <span class='ocrx_word' id='word_1_309' title='bbox 943 2526 1004 2579; x_wconf 91' lang='lat' dir='ltr'><strong><em>B.</em></strong></span> <span class='ocrx_word' id='word_1_310' title='bbox 1045 2555 1113 2564; x_wconf 83' lang='lat'><strong><em>-—</em></strong></span> <span class='ocrx_word' id='word_1_311' title='bbox 1155 2545 1203 2579; x_wconf 66' lang='lat' dir='ltr'><strong><em>u„</em></strong></span> <span class='ocrx_word' id='word_1_312' title='bbox 1248 2527 1328 2579; x_wconf 89' lang='grc'><strong><em>16.</em></strong></span> <span class='ocrx_word' id='word_1_313' title='bbox 1366 2543 1559 2594; x_wconf 83' lang='lat' dir='ltr'><strong><em>poenoe</em></strong></span> <span class='ocrx_word' id='word_1_314' title='bbox 1595 2526 1670 2596; x_wconf 94' lang='lat' dir='ltr'>A,</span> <span class='ocrx_word' id='word_1_315' title='bbox 1699 2543 1924 2594; x_wconf 73' lang='lat' dir='ltr'><strong><em>paemes</em></strong></span> 
     </span>
     <span class='ocr_line' id='line_1_31' title="bbox 287 2597 1927 2669; baseline 0.001 -19"><span class='ocrx_word' id='word_1_316' title='bbox 287 2597 347 2651; x_wconf 90' lang='grc' dir='ltr'><strong>Β.</strong></span> <span class='ocrx_word' id='word_1_317' title='bbox 383 2629 446 2636; x_wconf 89' lang='grc'><strong>-</strong></span> <span class='ocrx_word' id='word_1_318' title='bbox 483 2600 634 2652; x_wconf 82' lang='grc' dir='ltr'><strong>ιι.17.</strong></span> <span class='ocrx_word' id='word_1_319' title='bbox 673 2601 721 2652; x_wconf 78' lang='lat' dir='ltr'><strong><em>si</em></strong></span> <span class='ocrx_word' id='word_1_320' title='bbox 756 2601 847 2663; x_wconf 75' lang='lat' dir='ltr'><strong><em>ait,</em></strong></span> <span class='ocrx_word' id='word_1_321' title='bbox 887 2604 942 2652; x_wconf 75' lang='lat' dir='ltr'><strong><em>tu</em></strong></span> <span class='ocrx_word' id='word_1_322' title='bbox 974 2604 1131 2666; x_wconf 78' lang='lat' dir='ltr'><strong><em>putas</em></strong></span> <span class='ocrx_word' id='word_1_323' title='bbox 1167 2615 1267 2653; x_wconf 86' lang='lat' dir='ltr'><strong><em>esse</em></strong></span> <span class='ocrx_word' id='word_1_324' title='bbox 1303 2599 1531 2668; x_wconf 76' lang='lat' dir='ltr'><strong><em>maliqno</em></strong></span> <span class='ocrx_word' id='word_1_325' title='bbox 1570 2598 1630 2669; x_wconf 92' lang='lat' dir='ltr'><strong><em>L,</em></strong></span> <span class='ocrx_word' id='word_1_326' title='bbox 1663 2601 1713 2653; x_wconf 85' lang='lat' dir='ltr'><strong><em>si</em></strong></span> <span class='ocrx_word' id='word_1_327' title='bbox 1744 2597 1824 2668; x_wconf 87' lang='lat' dir='ltr'><strong><em>(in</em></strong></span> <span class='ocrx_word' id='word_1_328' title='bbox 1851 2618 1927 2653; x_wconf 87' lang='lat' dir='ltr'><strong><em>m.</em></strong></span> 
     </span>
     <span class='ocr_line' id='line_1_32' title="bbox 284 2670 1923 2741; baseline 0.001 -17"><span class='ocrx_word' id='word_1_329' title='bbox 284 2670 382 2740; x_wconf 83' lang='lat' dir='ltr'><strong><em>sie)</em></strong></span> <span class='ocrx_word' id='word_1_330' title='bbox 421 2676 514 2724; x_wconf 79' lang='lat' dir='ltr'><strong><em>aut</em></strong></span> <span class='ocrx_word' id='word_1_331' title='bbox 551 2676 606 2725; x_wconf 80' lang='lat' dir='ltr'><strong><em>tu</em></strong></span> <span class='ocrx_word' id='word_1_332' title='bbox 633 2690 689 2739; x_wconf 92' lang='lat' dir='ltr'><strong><em>p.</em></strong></span> <span class='ocrx_word' id='word_1_333' title='bbox 729 2690 767 2725; x_wconf 89' lang='lat' dir='ltr'><strong><em>e.</em></strong></span> <span class='ocrx_word' id='word_1_334' title='bbox 804 2673 1031 2741; x_wconf 57' lang='lat' dir='ltr'><strong><em>maliano</em></strong></span> <span class='ocrx_word' id='word_1_335' title='bbox 1068 2673 1135 2741; x_wconf 91' lang='lat' dir='ltr'>A,</span> <span class='ocrx_word' id='word_1_336' title='bbox 1168 2673 1220 2725; x_wconf 85' lang='lat' dir='ltr'><strong><em>si</em></strong></span> <span class='ocrx_word' id='word_1_337' title='bbox 1255 2675 1355 2726; x_wconf 66' lang='lat' dir='ltr'><strong><em>auc</em></strong></span> <span class='ocrx_word' id='word_1_338' title='bbox 1386 2677 1441 2725; x_wconf 79' lang='lat' dir='ltr'><strong><em>tu</em></strong></span> <span class='ocrx_word' id='word_1_339' title='bbox 1468 2691 1524 2740; x_wconf 88' lang='lat' dir='ltr'><strong><em>p.</em></strong></span> <span class='ocrx_word' id='word_1_340' title='bbox 1547 2690 1587 2726; x_wconf 91' lang='lat' dir='ltr'><strong><em>e.</em></strong></span> <span class='ocrx_word' id='word_1_341' title='bbox 1610 2673 1834 2740; x_wconf 62' lang='lat' dir='ltr'><strong><em>maligne</em></strong></span> <span class='ocrx_word' id='word_1_342' title='bbox 1863 2671 1923 2740; x_wconf 92' lang='lat' dir='ltr'><strong><em>B,</em></strong></span> 
     </span>
     <span class='ocr_line' id='line_1_33' title="bbox 285 2745 1922 2814; baseline 0 -17"><span class='ocrx_word' id='word_1_343' title='bbox 285 2746 373 2809; x_wconf 81' lang='lat' dir='ltr'><strong><em>sie,</em></strong></span> <span class='ocrx_word' id='word_1_344' title='bbox 408 2749 468 2798; x_wconf 78' lang='lat' dir='ltr'><strong><em>nt</em></strong></span> <span class='ocrx_word' id='word_1_345' title='bbox 494 2763 551 2812; x_wconf 83' lang='lat' dir='ltr'><strong><em>p.</em></strong></span> <span class='ocrx_word' id='word_1_346' title='bbox 589 2762 643 2813; x_wconf 91' lang='lat' dir='ltr'><strong><em>e.,</em></strong></span> <span class='ocrx_word' id='word_1_347' title='bbox 681 2746 902 2814; x_wconf 72' lang='lat' dir='ltr'><strong><em>maliqne</em></strong></span> <span class='ocrx_word' id='word_1_348' title='bbox 941 2745 1055 2798; x_wconf 89' lang='lat' dir='ltr'><strong><em>edd.</em></strong></span> <span class='ocrx_word' id='word_1_349' title='bbox 1083 2773 1148 2794; x_wconf 91' lang='lat'><strong><em>-.-</em></strong></span> <span class='ocrx_word' id='word_1_350' title='bbox 1192 2764 1242 2797; x_wconf 90' lang='lat' dir='ltr'><strong><em>u.</em></strong></span> <span class='ocrx_word' id='word_1_351' title='bbox 1263 2746 1346 2798; x_wconf 91' lang='lat'><strong><em>18.</em></strong></span> <span class='ocrx_word' id='word_1_352' title='bbox 1385 2746 1527 2798; x_wconf 87' lang='lat' dir='ltr'><strong><em>Nam</em></strong></span> <span class='ocrx_word' id='word_1_353' title='bbox 1565 2746 1666 2810; x_wconf 83' lang='lat' dir='ltr'><strong><em>ille,</em></strong></span> <span class='ocrx_word' id='word_1_354' title='bbox 1702 2747 1794 2813; x_wconf 76' lang='lat' dir='ltr'><strong><em>qui</em></strong></span> <span class='ocrx_word' id='word_1_355' title='bbox 1820 2763 1922 2812; x_wconf 81' lang='lat' dir='ltr'><strong><em>pro</em></strong></span> 
     </span>
     <span class='ocr_line' id='line_1_34' title="bbox 284 2817 1924 2885; baseline 0.001 -14"><span class='ocrx_word' id='word_1_356' title='bbox 284 2818 375 2871; x_wconf 82' lang='lat' dir='ltr'><strong><em>deo</em></strong></span> <span class='ocrx_word' id='word_1_357' title='bbox 413 2822 504 2885; x_wconf 75' lang='lat' dir='ltr'><strong><em>est,</em></strong></span> <span class='ocrx_word' id='word_1_358' title='bbox 547 2822 669 2885; x_wconf 72' lang='lat' dir='ltr'><strong><em>post</em></strong></span> <span class='ocrx_word' id='word_1_359' title='bbox 701 2819 890 2884; x_wconf 80' lang='lat' dir='ltr'><strong><em>funera</em></strong></span> <span class='ocrx_word' id='word_1_360' title='bbox 927 2823 1052 2872; x_wconf 78' lang='lat' dir='ltr'><strong><em>reete</em></strong></span> <span class='ocrx_word' id='word_1_361' title='bbox 1089 2819 1228 2871; x_wconf 75' lang='lat' dir='ltr'><strong><em>uixit</em></strong></span> <span class='ocrx_word' id='word_1_362' title='bbox 1264 2817 1329 2885; x_wconf 92' lang='lat' dir='ltr'><strong><em>L,</em></strong></span> <span class='ocrx_word' id='word_1_363' title='bbox 1369 2818 1438 2871; x_wconf 88' lang='lat' dir='ltr'><strong><em>N.</em></strong></span> <span class='ocrx_word' id='word_1_364' title='bbox 1477 2819 1561 2872; x_wconf 85' lang='lat' dir='ltr'><strong><em>illi</em></strong></span> <span class='ocrx_word' id='word_1_365' title='bbox 1597 2820 1687 2885; x_wconf 77' lang='lat' dir='ltr'><strong><em>qai</em></strong></span> <span class='ocrx_word' id='word_1_366' title='bbox 1715 2819 1924 2885; x_wconf 76' lang='lat' dir='ltr'><strong><em>prodest</em></strong></span> 
     </span>
    </p>
   </div>
  </div>
 </body>
</html>
