2010 3220
634 219 700 264 IN
704 218 1140 266 STRUCTIONUM
1170 220 1281 266 LIB.
1314 223 1348 266 I.
1765 223 1799 275 5

931 395 1031 441 VII.

456 499 556 553 DE
598 499 1023 554 SEPTIZONIO
1061 501 1158 554 ET
1199 500 1509 558 STELLIS.

159 631 212 685 I)
244 650 273 685 e
311 632 510 705 circulo
548 650 714 686 zonae
752 632 897 685 fallit
933 652 1031 687 uos
1070 634 1340 703 imperitia
1375 639 1574 701 uestra,

161 705 208 759 E
242 725 278 758 x
316 723 379 760 eo
418 706 544 778 quid
582 705 722 759 forte
760 706 947 760 Iouem
986 708 1240 776 experitis
1280 709 1575 762 orandum?

163 850 202 907 S
243 857 466 907 aturnus
505 854 676 907 fertur
713 854 812 923 ibi,
853 854 946 907 sed
984 855 1141 907 stella
1178 873 1289 908 non
1327 855 1442 908 ille:
1483 856 1670 926 effugit

161 926 207 980 E
242 928 465 997 xpulsus
504 947 538 981 a
574 927 719 982 Ioue.
795 927 910 980 Aut
946 927 1094 982 Iouis
1133 929 1190 981 in
1230 929 1385 981 stella
1424 928 1707 982 credatur?

161 999 212 1053 P
244 1001 317 1054 oli
357 1002 448 1071 qui
486 1001 662 1055 sidera
699 1001 959 1054 tractauit
997 1001 1248 1072 solusque
1288 1004 1452 1071 sator,
1777 1014 1802 1054 5

164 1073 212 1127 'l‘
242 1075 445 1128 roianis
484 1075 575 1145 qui
612 1075 817 1128 bellum
855 1074 1006 1143 feeit,
1046 1093 1202 1128 auem
1239 1076 1522 1130 mortalem
1561 1075 1781 1144 amauit,

131 1147 197 1258 ll
234 1148 348 1218 psis
387 1149 444 1201 in
484 1148 748 1221 sideribus
790 1151 884 1201 aut
920 1147 1067 1201 Mars
1106 1167 1226 1202 eum
1266 1149 1374 1202 ista
1413 1149 1774 1218 deprehensus

17 1228 36 1265 ἔ
165 1220 207 1274 Ζ
242 1222 325 1274 elo
366 1222 608 1275 maritali
647 1222 777 1275 deus
815 1222 1125 1275 nominetur
1163 1222 1502 1276 aduliscens?
1680 1288 1684 1290 -

161 1292 206 1348 0
237 1295 466 1349 nimium
506 1296 680 1365 stulti,
720 1296 812 1365 qui
849 1295 1056 1365 putatis
1095 1296 1346 1349 moechos
1387 1297 1454 1348 ab
1495 1296 1655 1349 astris

162 1367 210 1421 N
245 1373 488 1424 ascentes
526 1387 714 1440 regere
750 1372 845 1422 aut
882 1372 1055 1422 totam
1093 1369 1280 1422 mundi
1318 1372 1582 1423 naturam.
1746 1382 1802 1420 10

161 1442 194 1495 I
240 1460 278 1495 n
316 1444 542 1497 uulnera
577 1443 748 1514 positi
786 1446 841 1496 et
878 1443 983 1512 ipsi
1022 1443 1120 1496 sub
1159 1443 1276 1496 fata
1313 1443 1559 1496 uiuentes

161 1513 206 1570 0
239 1517 443 1587 bsceni,
484 1517 702 1586 curiosi,
739 1517 1050 1587 bellatores»,
1088 1516 1285 1586 impiae
1322 1517 1485 1587 uitae,

163 1662 210 1717 E
244 1667 269 1717 t
306 1664 448 1719 filios
488 1664 715 1719 totidem
753 1664 1011 1718 mortales
1050 1663 1130 1716 illi
1170 1663 1361 1731 fecere3

165 1736 213 1791 T
247 1738 489 1792 erribiles
529 1756 739 1807 omneS,
779 1738 955 1807 stulti,
996 1738 1291 1807 septizonio
1330 1737 1521 1790 fortes!

167 1882 206 1939 S
247 1886 266 1937 i
306 1885 489 1938 stellas
528 1884 720 1953 colitis,
760 1884 920 1938 colite
960 1887 1015 1937 et
1052 1884 1136 1937 bis
1178 1901 1306 1937 sena
1343 1884 1524 1954 sigilla.
1748 1895 1803 1933 15

166 1958 213 2011 T
250 1977 366 2028 um,
413 1959 651 2028 arietem,
688 1961 921 2028 taurum,
959 1958 1218 2028 gemin08‚
1255 1957 1533 2026 ferumque
1571 1956 1803 2023 leonem3

161 2031 208 2086 E
243 2036 268 2085 t
306 2032 534 2103 denique
566 2032 770 2085 uadunt
800 2032 859 2084 in
888 2031 1149 2100 piscibus:
1190 2034 1248 2084 tu
1272 2048 1482 2100 quoque
1506 2028 1799 2099 probabis?

165 2104 210 2158 L
247 2124 311 2158 ex
352 2106 466 2159 sine
505 2107 625 2176 lege
663 2105 820 2176 fugat
857 2108 1026 2158 astra:
1067 2105 1209 2175 quod
1246 2105 1365 2157 uult
1404 2121 1519 2157 esse
1557 2102 1785 2156 ualebit!

163 2178 210 2231 L
245 2180 428 2233 asciua
466 2180 584 2233 uult
623 2197 754 2248 esse,
793 2179 910 2233 sine
948 2179 1101 2232 freno
1140 2179 1320 2231 uiuere
1359 2178 1582 2247 quaerit.

162 2251 197 2305 I
242 2254 328 2322 psi
367 2254 509 2324 quod
547 2253 713 2307 uultis
754 2253 876 2321 erit,
916 2256 970 2306 et
1009 2252 1137 2306 deos
1177 2255 1231 2305 et
1268 2251 1395 2304 deas
1437 2251 1617 2303 oratis.
1746 2262 1802 2299 20

19 2373 27 2398 z
167 2323 205 2380 S
244 2327 294 2380 ic
334 2345 435 2398 ego
475 2328 639 2397 colui,
677 2326 805 2380 dum
843 2326 1039 2396 erraui,
1079 2344 1184 2396 quo
1223 2324 1384 2379 modo
1425 2325 1596 2393 culpo,

19 2404 30 2436 1

921 2529 1042 2574 v111.

631 2634 730 2688 DE
773 2632 950 2688 SOLE
989 2631 1084 2686 ET
1122 2631 1336 2688 LUNA.

164 2765 271 2819 De
312 2765 434 2820 Sole
474 2770 529 2819 et
565 2765 743 2836 Luna,
782 2766 908 2819 lieet
948 2766 1058 2818 sint
1095 2766 1482 2833 praesentanea
1520 2759 1690 2827 nobi3‚

20 2861 31 2929 33
166 2838 213 2892 E
246 2840 434 2893 rratis:
474 2858 609 2909 quae
649 2856 748 2909 ego
788 2839 951 2909 priuS‚
987 2837 1191 2907 putatis
1213 2830 1448 2889 'oranda.

18 2578 31 2636 ἓ

19 2643 34 2695 ἓ
