2010 3220
2 2519 26 2826 '‘swa-³³⁸?-
3 2306 26 2490 <aff-qm
6 2204 28 2294 -w

660 167 1167 215 INSTRUCTIONUM
1196 170 1310 216 LIB.
1341 172 1377 217 Ι.
1764 175 1838 229 19

940 286 1105 332 XXIX.
1498 315 1503 319 ·

542 389 781 442 DIVITI
819 390 900 444 IN
903 390 1245 446 CREDULO
1283 392 1500 447 MALO.

200 504 253 559 I)
287 506 463 560 ifferes
504 506 652 560 diues
690 508 916 562 nimium
954 513 1050 564 tua
1086 513 1281 564 cuncta
1317 509 1547 565 uidendo

198 580 233 633 1
282 580 658 650 nsatiabiliter,
696 582 890 651 quibus
930 583 1103 636 adhuc
1141 584 1431 639 adhaerere
1471 586 1700 655 quaeris,

201 652 251 706 V
282 655 427 707 iuere
465 657 592 723 post
627 655 757 724 ista,
795 655 938 709 dices
946 698 961 726 ‚
999 675 1112 711 non
1151 676 1308 726 spero
1348 657 1644 713 defunctus

199 726 234 780 Ι
283 730 478 799 ngrate
518 746 726 782 summo
765 727 905 799 Deo,
945 730 1036 800 qui
1075 730 1152 783 sic
1190 730 1366 785 Deum
1403 731 1608 787 iudicas
1647 750 1785 803 esse,

202 800 250 854 Τ
286 819 314 854 e
355 802 448 872 qui
486 802 818 855 nescientem
855 804 1084 872 protulit
1092 846 1107 873 ,
1145 803 1335 857 deinde
1374 805 1626 874 nutriuit3

118 944 127 955 x
198 873 232 928 I
281 893 375 944 pse
415 893 541 945 pars
580 878 698 945 tua,
735 877 1003 947 gubernat
1039 878 1227 931 uineas
1265 877 1396 947 ipse,

98 1055 102 1060 ‚
197 1021 232 1075 Ι
280 1039 377 1091 pse
418 1039 608 1093 greges
646 1041 903 1092 pecorum
942 1027 996 1078 et
1033 1024 1289 1095 quidquid
1326 1025 1572 1094 possides
1611 1026 1752 1096 ipse,

198 1095 245 1149 N
285 1114 343 1150 ec
381 1095 503 1149 istis
542 1097 826 1151 attendisti
864 1100 958 1150 aut
995 1100 1056 1152 tu
1094 1098 1240 1168 regis
1278 1098 1459 1152 omnia
1495 1098 1652 1152 forte.

200 1168 241 1223 G
285 1169 461 1224 aelum
498 1169 602 1224 hoc
640 1173 695 1223 et
732 1174 933 1225 terram
973 1174 1028 1224 et
1065 1172 1239 1224 maria
1277 1172 1421 1224 salsa
1459 1172 1551 1241 qui
1586 1172 1716 1226 fecit

198 1241 252 1299 R·
283 1242 471 1296 eddere
511 1244 750 1298 decreuit
787 1262 888 1298 nos
927 1245 1076 1313 ipsos
1113 1245 1173 1297 in
1211 1262 1370 1298 aureo
1412 1245 1615 1315 saecIO,
1782 1259 1838 1299 10

199 1315 247 1369 E
281 1320 305 1369 t
343 1317 502 1371 modo
543 1319 589 1371 si
628 1317 822 1387 crediS,
860 1318 1065 1371 uiuitur
1101 1318 1159 1370 in
1198 1316 1300 1370 Dei
1340 1322 1557 1371 secreta.

200 1388 252 1442 l)
285 1390 394 1444 isce
432 1389 631 1460 Deum,
670 1392 849 1459 stulte,
888 1392 980 1462 qui
1010 1392 1131 1445 uult
1159 1394 1214 1444 te
1244 1392 1604 1444 immortalem
1636 1391 1838 1462 adesse,

199 1462 249 1517 U
279 1467 304 1516 t
343 1464 547 1534 gratias
586 1465 667 1517 illi
704 1465 908 1518 referas
946 1466 1005 1519 in
1042 1482 1218 1536 agone
1256 1482 1533 1534 perennes,

195 1534 242 1589 L
276 1555 341 1591 ex
379 1538 534 1591 docet
570 1538 765 1608 ipsiuS,
805 1539 899 1591 sed
946 1538 1064 1599 ⁴uia
1100 1538 1291 1609 uagari
1327 1540 1388 1593 tu
1426 1538 1661 1609 quaeris,

196 1607 241 1664 0
273 1611 422 1664 mnia
461 1611 740 1682 discrediS,
780 1615 835 1666 et
872 1558 996 1665 inde
1033 1612 1091 1665 in
1128 1614 1363 1665 tartaros
1400 1611 1528 1664 ibis:
1780 1624 1834 1665 15

195 1756 252 1811 M
276 1775 343 1811 ox
382 1758 620 1811 animam
657 1759 859 1828 reddis,
897 1758 1104 1811 duceris
1143 1775 1247 1830 quo
1287 1761 1342 1810 te
1379 1758 1621 1828 paenitet
1659 1775 1798 1826 esse,

194 1828 246 1884 A
276 1831 482 1884 bluitur
519 1832 596 1885 ibi
632 1850 809 1901 poena
847 1831 1104 1900 spiritalis
1145 1833 1387 1899 aeterna,

196 1901 243 1956 L
276 1904 405 1974 ugia
443 1908 569 1958 sunt
608 1923 834 1975 semper,
869 1922 970 1958 nec
1006 1904 1326 1975 permoreris
1365 1904 1424 1956 in
1461 1904 1571 1972 illa,

197 1973 242 2030 0
277 1978 668 2047 mnipotentem
699 1977 875 2032 Deum
905 1979 1016 2031 iam
1045 1981 1174 2031 tunc
1211 1977 1289 2031 ibi
1329 1994 1447 2030 sero
1478 1977 1835 2047 proclamans.

947 2122 1090 2167 XXX.

523 2227 820 2282 DIVITES
858 2225 1187 2282 HUMILES
1223 2225 1517 2280 ESTOTE.

196 2342 248 2397 l)
280 2345 390 2398 isce
427 2346 685 2399 moriture
722 2346 927 2400 bonum
965 2344 1244 2398 ostendere
1282 2345 1501 2399 cunctis.

196 2416 230 2471 1
279 2436 317 2470 n
354 2418 531 2472 medio
567 2420 755 2488 populi
792 2418 919 2489 quid
957 2421 1012 2472 te
1050 2417 1182 2471 facis
1222 2417 1448 2470 alterum
1487 2417 1640 2471 esse?

196 2489 247 2543 V
278 2491 392 2544 adis
430 2491 526 2545 ubi
562 2493 761 2564 nescis,
799 2495 856 2546 et
890 2492 1094 2546 inscius
1130 2490 1256 2544 inde
1291 2490 1519 2559 recedis3

195 2562 231 2617 Ι
279 2565 423 2634 mpie
461 2568 689 2635 tractas,
726 2583 847 2619 cnm
884 2566 1003 2636 ipso
1042 2581 1266 2637 corpore
1305 2564 1422 2617 sitis

200 2636 248 2691 Τ
281 2656 318 2691 u
357 2655 569 2708 semper
606 2639 845 2710 diuitias,
881 2639 1111 2692 nimium
1146 2640 1202 2692 te
1238 2637 1390 2692 tollis
1428 2637 1485 2690 in
1522 2637 1690 2689 altum
1802 2647 1829 2687 τι

195 2709 245 2764 Ε
278 2714 304 2764 t
341 2711 525 2765 diuum
563 2712 736 2783 ducis,
772 2731 872 2767 nec
910 2711 1131 2782 respicis
1167 2728 1431 2780 pauperes
1468 2710 1613 2762 ultro

198 2781 240 2837 S
277 2784 495 2839 ubditos
533 2802 676 2840 nunc
714 2786 894 2854 uobis,
931 2803 1032 2840 nec
1068 2788 1320 2854 parentes
1357 2783 1579 2853 pascitis
1616 2781 1779 2851 ipsos

1416 2868 1476 2912 2*
