2010 3220
665 134 1172 182 INSTRUCTIONUM
1203 137 1316 182 LIB.
1348 139 1381 184 L
1769 140 1840 193 23

194 253 244 307 N
277 273 382 309 unc
420 255 643 308 extende
681 273 902 308 manum
942 258 996 307 et
1036 273 1185 309 sume
1225 256 1289 309 de
1328 258 1479 327 ligno
1518 259 1689 312 uitali.

193 324 242 381 0
272 328 445 397 ptima
483 328 595 381 Lex
632 327 853 382 Domini
893 346 1119 399 sequens
1159 329 1222 382 de
1261 330 1409 399 ligno
1448 333 1731 399 processit3

193 399 245 454 P
277 401 449 455 erdita
486 401 597 455 Lex
633 402 832 471 prima3
873 406 1059 472 gustat
1097 403 1240 456 unde
1277 403 1402 456 lieet
1439 404 1553 471 ille,
1782 420 1833 459 15

189 473 240 545 Q
274 476 330 528 ui
367 475 512 528 Deos
553 475 744 528 adorat
780 475 1004 545 uetitos,
1044 477 1188 529 mala
1226 476 1423 547 gaudia
1461 477 1619 530 uitae.

75 541 82 547 ’
192 546 247 600 R
275 548 483 618 espuite
522 551 766 618 gustum3
807 549 1041 603 sufficiet
1078 550 1212 603 scire
1251 550 1394 620 quod
1433 554 1587 603 esset.

195 617 236 674 S
275 622 296 673 i
333 622 516 675 uiuere
553 622 745 691 uultiS,
782 622 987 676 reddite
1025 640 1124 676 uos
1163 623 1296 694 Legi
1336 624 1621 690 secundae,

190 692 244 746 Τ
276 696 578 764 emplorum
616 696 904 765 culturam,
943 695 1263 750 daemonum
1301 697 1414 750 fata
1450 698 1637 750 nitate.

189 766 243 819 V
275 769 434 822 ertite
472 788 572 823 uos
611 767 841 838 Christo,
870 772 935 821 ‘et
973 770 1126 822 eritis
1165 769 1282 823 Deo
1323 770 1550 823 sodales,
1776 784 1832 824 20

189 839 252 894 X
278 845 409 894 anta
446 842 548 895 Dei
585 843 672 896 lex
712 845 815 911 est,
853 861 989 912 quae
1028 846 1268 897 mortuos
1309 844 1490 896 uiuere
1529 843 1671 896 duat.

189 913 242 966 Y
274 933 461 968 mnum
502 916 605 969 sibi
645 916 793 969 solus
832 916 1098 970 Dominus
1137 917 1379 986 proferre
1418 918 1714 986 praecepit,

186 987 233 1040 Z
268 989 538 1042 abolicam
575 990 752 1061 legem
790 1008 978 1043 omnes
1019 991 1239 1043 omnino
1278 991 1462 1044 uitate.

908 1207 1119 1252 XXXVI.

630 1311 730 1365 DE
773 1309 1394 1366 CRUCISTULTITIA.

185 1442 239 1496 Ι)
275 1461 305 1496 e
345 1442 547 1513 duplici
586 1443 735 1514 ligno
775 1443 906 1514 dixi,
943 1462 1090 1497 mors
1128 1443 1268 1496 unde
1305 1444 1588 1512 processit,

184 1516 234 1570 E
268 1520 294 1570 t
332 1517 527 1570 iterum
565 1516 688 1569 inde
726 1517 1012 1587 procedere
1052 1517 1224 1570 uitam
1261 1516 1586 1586 frequenter.

184 1661 228 1717 G
265 1682 366 1717 rux
406 1666 585 1716 autem
624 1663 914 1717 stultitiam
952 1664 1083 1717 facit
1121 1663 1394 1716 adulterae
1434 1664 1598 1733 genti.

182 1735 239 1789 R
270 1755 335 1790 ex
373 1737 712 1790 aeternitatis
751 1755 848 1805 per
886 1755 1098 1790 crucem
1136 1737 1280 1790 diros
1322 1736 1628 1803 adumbrat,

183 1809 237 1864 U
267 1813 293 1863 t
331 1810 436 1864 sibi
473 1829 616 1863 nune
656 1810 896 1878 credant,
938 1828 969 1863 o
1010 1810 1164 1862 stulti
1202 1812 1374 1862 morte
1414 1810 1662 1862 uiuentes
1801 1821 1827 1861 5

183 1882 227 1938 G
266 1883 359 1936 ain
395 1884 688 1937 innocuum
726 1883 916 1937 occisit
951 1901 1182 1952 nequam
1221 1886 1486 1950 repertus:

181 1956 219 2010 I
268 1957 374 2010 nde
412 1955 603 2010 Enoch
643 1956 856 2010 suboles
895 1955 1129 2010 Oainaea
1167 1955 1282 2008 nati
1320 1955 1581 2009 feruntur.

187 2028 226 2084 S
265 2031 316 2083 ic
354 2047 524 2100 genus
562 2030 809 2100 iniquum
846 2030 1076 2083 increuit
1114 2029 1337 2097 mundo,
1377 2028 1517 2098 quod
1549 2045 1825 2097 nunquam

184 2103 236 2157 Τ
267 2104 584 2157 ransmittat
623 2105 831 2157 animos
869 2104 928 2156 in
964 2103 1163 2157 Deum:
1203 2102 1415 2155 credere
1453 2119 1664 2155 erucem

182 2176 236 2230 U
267 2178 381 2230 enit
416 2178 475 2230 in
511 2178 810 2246 horrorem,
850 2181 905 2230 et
942 2177 1128 2230 dicunt
1167 2193 1223 2229 se
1260 2176 1443 2228 uiuere
1481 2179 1638 2228 recte.
1769 2188 1823 2227 10

182 2249 231 2303 L
266 2268 331 2304 ex
368 2251 428 2303 in
464 2251 615 2322 ligno
655 2251 761 2304 fuit
798 2251 996 2320 prima,
1035 2253 1090 2302 et
1127 2249 1251 2302 inde
1291 2248 1524 2301 secunda

186 2323 236 2377 Τ
268 2324 540 2378 erribilem
577 2324 778 2395 Legem
816 2324 1046 2393 primam
1086 2340 1206 2376 cum
1244 2339 1374 2391 paee
1413 2320 1709 2390 praeuenit.

181 2396 219 2450 I
266 2415 306 2450 n
343 2415 514 2467 praua
550 2398 845 2451 luctatione
884 2415 1024 2450 uana
1062 2395 1307 2449 scelerati
1344 2397 1587 2447 ruerunt:

184 2469 235 2523 Τ
266 2471 527 2524 raiectum
566 2471 734 2524 clauis
773 2471 1068 2524 Dominum
1107 2485 1431 2538 cognoscere
1468 2468 1684 2533 nolunt,

182 2542 218 2597 I
266 2562 306 2596 n
343 2544 492 2597 euius
530 2544 786 2597 iudicium
824 2562 946 2598 cum
984 2542 1251 2610 uenerint,
1289 2541 1365 2594 ibi
1404 2541 1732 2610 dignoscent.
1768 2549 1822 2590 15

181 2614 236 2669 A
267 2617 358 2670 bel
396 2634 568 2687 genus
610 2621 790 2670 autem
829 2617 997 2670 credit
1035 2615 1193 2669 modo
1235 2611 1452 2668 Christo
1492 2613 1742 2681 benigno.

305 2765 379 2817 36,
410 2765 461 2806 3:
495 2766 518 2805 1
552 2760 657 2807 Gor.
691 2767 730 2817 1,
766 2765 834 2806 18.
