2010 3220
258 165 292 216 2
882 163 1275 209 COMMODIANI

1048 340 1104 383 ΙΙ.

766 443 846 498 IN
849 444 1205 498 DIGNATIO
1243 444 1394 498 DEI.

260 578 295 632 I
347 596 386 631 n
424 577 567 648 Lege
607 577 882 651 praecepit
919 577 1184 631 Dominus
1224 560 1570 632 eaeli⁹terrae
1609 579 1883 650 marisque

267 651 315 704 N
354 652 506 720 olite,
543 651 742 720 inquit,
781 651 1002 704 adorare
1042 651 1168 704 deos
1207 653 1393 705 inanes

260 724 312 778 I)
348 743 374 778 e
413 725 662 777 manibus
700 725 897 777 uestris
935 725 1110 778 factos
1150 743 1214 778 ex
1251 725 1402 795 ligno
1441 727 1528 778 uel
1568 745 1714 792 auro,

258 799 292 852 I
332 799 620 868 -ndignatio
661 816 782 850 mea
818 817 886 851 ne
924 816 1022 851 uos
1063 798 1337 867 disperdat
1375 799 1443 851 ob
1483 799 1603 852 ista.

263 869 313 925 G
342 890 435 925 ens
476 874 600 925 ante
639 871 881 941 Moysem
919 873 1089 942 rudiS‚
1129 873 1243 925 sine
1281 872 1400 942 lege
1438 876 1649 926 morata
1874 887 1903 926 5

259 946 306 998 N
340 947 647 1015 esciensque
686 944 883 1014 Deum,
922 945 1199 998 defunctos
1240 945 1366 999 deos
1407 945 1649 1016 orabant,

261 1018 311 1072 A
344 1019 377 1072 d
417 1038 644 1089 quorum
685 1019 891 1089 effigies
930 1019 1203 1072 faciebant
1238 1019 1382 1072 idola
1419 1038 1575 1071 uana.

263 1094 309 1146 T
341 1093 599 1146 ranslatis
638 1092 852 1146 Iudaeis
891 1092 1157 1146 Dominus
1196 1093 1260 1145 de
1297 1095 1440 1145 terra
1478 1094 1715 1163 Aegypti

258 1167 293 1220 I
343 1167 581 1236 Inposuit
617 1165 815 1236 Legem
855 1167 1198 1236 postmodum
1237 1168 1291 1218 et
1329 1167 1435 1219 ista
1472 1169 1746 1236 praecepit

263 1239 306 1294 0
340 1241 666 1310 mnipotenti
707 1240 812 1292 sibi
851 1240 951 1293 soli
991 1240 1280 1309 deseruire,
1318 1258 1430 1293 non
1469 1241 1593 1294 illis.
1845 1254 1902 1293 10

258 1387 310 1439 D
346 1406 372 1440 e
412 1387 800 1440 resurreetione
841 1405 1066 1456 quoque,
1090 1387 1308 1440 docetur
1346 1388 1404 1439 in
1442 1389 1559 1456 ipsa

259 1461 305 1514 E
341 1465 365 1514 t
405 1479 497 1530 spe
537 1460 812 1513 fortunata
849 1479 1061 1513 rursum
1102 1460 1157 1512 in
1198 1478 1331 1520 aeuo
1370 1461 1603 1529 uiuendi,

263 1534 296 1587 I
343 1535 465 1587 dola
506 1535 551 1587 si
589 1553 731 1587 uana
767 1535 1142 1604 relinquantur
1179 1552 1353 1604 neque
1392 1534 1650 1587 colantur.

1045 1869 1123 1914 III.

678 1988 1018 2043 CULTURA
1058 1986 1494 2043 DAEMONUM.

264 2137 303 2192 G
337 2157 429 2191 um
468 2138 614 2191 Deus
655 2135 996 2202 omnipotens
1036 2136 1318 2186 exornaret
1354 2134 1540 2186 mundi
1576 2137 1842 2204 naturam,

262 2212 312 2265 U
344 2211 517 2264 isitari
555 2209 730 2262 uoluit
767 2211 966 2260 terram
1007 2207 1074 2259 ab
1115 2207 1320 2276 angelis
1361 2207 1538 2275 istam⁷

261 2285 308 2338 L
343 2285 563 2356 egitima
602 2282 750 2336 cuius
792 2283 1110 2349 spreuerunt
1147 2281 1228 2332 illi
1269 2280 1490 2333 dimissi.

265 2359 312 2411 Τ
345 2362 472 2411 anta
509 2357 615 2409 fuit
651 2356 826 2408 forma
865 2354 1208 2422 feminarum,
1248 2371 1381 2422 quae
1421 2353 1659 2408 flecteret
1697 2355 1831 2407 illos..

263 2431 314 2485 U
345 2436 369 2484 t
408 2429 739 2499 coinquinati
776 2446 888 2480 non
927 2429 1156 2495 possunt
1193 2427 1340 2480 caelo
1379 2426 1549 2479 redire

263 2505 315 2558 R
345 2505 541 2558 ebelles
583 2522 646 2556 ex
685 2502 780 2554 illo
820 2504 1009 2553 eontra
1048 2499 1221 2552 Deum
1261 2500 1429 2553 uerba
1469 2502 1676 2554 misere.

263 2578 313 2632 A
348 2578 606 2631 ltissimus
645 2575 767 2627 inde
808 2573 1129 2626 sententiam
1169 2573 1317 2625 misit
1354 2573 1411 2625 in
1451 2574 1579 2643 illis3

385 2742 426 2791 2,
460 2741 593 2780 2—4:
630 2733 773 2778 Exod.
809 2737 880 2787 20,
917 2736 1046 2778 3-5.
1079 2757 1133 2765 —
1170 2736 1220 2775 11
1250 2747 1338 2788 sq.:
1372 2733 1445 2777 Es.
1481 2738 1550 2786 26,
1586 2738 1653 2777 19.

384 2802 424 2851 3,
458 2800 483 2839 2
510 2809 630 2851 sqq.:
663 2793 825 2837 Genes.
861 2797 901 2845 6,
934 2796 973 2834 2.
