2010 3220
227 190 298 242 50
852 191 1241 238 COMMODIANI

232 309 280 363 F
315 313 527 363 austum
565 310 880 380 felicemque
920 312 1059 365 diem
1097 313 1155 365 in
1195 313 1340 365 exitu
1379 313 1542 366 uultis
1581 313 1794 383 habere,

236 383 285 436 U
318 387 342 435 t
381 387 535 437 coeat
571 385 820 454 populus,
858 385 1071 438 laudem
1111 405 1231 439 cum
1269 387 1415 440 luctu
1452 386 1648 440 uidere.

234 457 281 509 N
320 476 411 509 um
450 457 722 527 prouideS‚
761 476 996 527 quonam
1035 460 1290 527 merearis
1327 461 1404 512 ire
1444 460 1763 514 defunctus?
1815 474 1870 514 10

238 530 285 584 E
322 549 409 584 cce
448 534 845 601 prosequuntur
881 532 982 601 illi,
1019 536 1082 585 tu
1119 533 1227 586 iam
1264 533 1404 587 forte
1443 535 1692 587 cremaris

238 603 292 657 R
324 604 541 657 edactus
573 605 630 656 in
661 623 911 673 poenam:
945 606 1071 675 quid
1101 606 1341 676 proderit
1361 625 1561 676 pompa
1583 607 1872 660 defuncto?

238 677 272 730 I
319 681 575 731 ncusatus
616 679 719 731 eris
760 679 850 747 qui
890 679 958 733 ob
997 680 1105 732 ista
1144 680 1371 750 collegia
1408 682 1635 750 quaeris,

238 749 276 805 S
315 752 386 804 ub
426 752 611 822 uigore
651 753 800 821 cupis
838 753 1039 806 uiuere:
1077 757 1132 806 te
1172 753 1373 823 decipis
1413 754 1606 822 ipsum.

232 897 274 939 11
306 901 360 941 33
390 896 447 941 o.
902 864 933 917 *s
937 896 1144 944 XXXIV.
1727 901 1781 942 τε)
1813 897 1870 943 R.

884 998 1226 1056 CLERICIS.

244 1118 283 1172 G
323 1118 544 1188 ongruit
581 1118 638 1170 in
676 1117 906 1189 Pascha,
946 1119 1031 1172 die
1070 1120 1380 1173 felicissimo
1419 1124 1629 1189 nostrO,

239 1191 286 1245 L
322 1194 572 1244 aetentur
607 1195 669 1243 ut
704 1192 808 1261 illi,
847 1194 938 1262 qui
975 1194 1254 1262 postulant
1293 1196 1509 1262 sumpta
1547 1194 1753 1246 diuina:

235 1265 284 1319 E
320 1269 540 1335 rogetur
586 1266 661 1318 eis
701 1265 843 1334 quod
884 1266 1102 1336 sufficit,
1139 1267 1325 1319 uinum
1366 1274 1420 1320 et
1458 1285 1593 1319 esca.

239 1338 293 1392 R
325 1339 542 1407 espuis‘?
588 1356 654 1391 ne
692 1338 833 1391 forte
873 1358 980 1408 qua
1016 1343 1379 1393 memorentur
1417 1341 1523 1393 ista
1561 1359 1658 1409 pro
1696 1340 1877 1393 uobis:

237 1412 271 1465 I
319 1431 356 1464 n
395 1412 603 1465 modico
645 1415 862 1480 sumpto
902 1413 1126 1466 deficitis
1167 1411 1382 1467 Christo
1422 1414 1634 1467 donare.
1852 1426 1878 1465 5

241 1484 280 1539 C
320 1504 412 1538 um
449 1486 557 1554 ipsi
595 1503 709 1537 non
747 1486 946 1556 facitis,
987 1505 1092 1556 quo
1131 1487 1289 1541 modo
1331 1488 1552 1540 suadere
1591 1487 1817 1556 potestis

239 1559 274 1612 I
320 1558 563 1612 ustitiam
602 1558 763 1628 Legis
802 1560 1039 1613 talibus?
1075 1561 1162 1612 uel
1203 1562 1365 1613 semel
1402 1561 1460 1613 in
1500 1579 1655 1614 anno.

243 1629 281 1685 S
322 1634 371 1685 ic
412 1650 527 1685 esse
566 1633 766 1685 multos
806 1636 1010 1702 urgunt
1047 1633 1383 1702 blasphemia
1423 1651 1582 1702 saepe
1614 1634 1676 1686 de
1708 1634 1879 1687 uobis,

239 1777 282 1820 II
313 1781 370 1821 34
403 1776 455 1821 Ο.
960 1777 1146 1822 XXXV.
1737 1781 1792 1821 76
1824 1776 1879 1822 R.

526 1879 625 1933 DE
665 1879 1060 1935 FABULOSIS
1097 1880 1192 1934 ΕΤ
1235 1880 1590 1936 SILENTIO.

245 1998 295 2051 I)
326 2018 417 2052 um
455 1999 573 2051 leue
611 1997 822 2050 uidetur
861 1998 1173 2068 cuicumque
1212 2017 1382 2068 neque
1421 2000 1637 2067 nitatur,

248 2072 294 2124 Ε
329 2075 354 2124 t
393 2071 547 2140 quasi
584 2071 739 2123 facile
778 2072 908 2140 ruit,
947 2072 1074 2124 dum
1114 2073 1349 2125 abuteris
1388 2072 1542 2140 illud,

245 2217 291 2270 F
326 2218 516 2270 abulae
557 2217 906 2287 subueniunt,
946 2235 1050 2286 quo
1091 2217 1289 2270 uenisti
1329 2217 1548 2269 fundere
1587 2234 1771 2286 preces

244 2289 295 2343 A
325 2293 386 2342 ut
422 2291 639 2358 pulsare
679 2290 894 2343 domum
937 2291 1201 2344 stomachi
1237 2309 1337 2359 pro
1378 2291 1569 2344 delicto
1610 2290 1816 2343 diurno,

246 2364 296 2416 B
330 2364 520 2416 uccina
556 2381 883 2431 praeconum
923 2365 1120 2417 clamat
1157 2365 1354 2416 lectore
1392 2365 1626 2434 legente,

247 2436 296 2490 U
328 2440 353 2488 t
391 2439 614 2505 pateant
654 2454 831 2504 aureS,
873 2439 928 2491 et
964 2440 1023 2490 tu
1064 2438 1237 2506 magis
1278 2437 1513 2490 obstruis
1553 2438 1697 2505 illas;

247 2509 294 2562 L
329 2509 508 2562 uxaris
547 2509 717 2578 labia,
757 2510 949 2578 quibus
989 2511 1339 2580 ingemiscere
1379 2511 1553 2563 debes.

250 2580 292 2635 0
330 2584 489 2635 bsera
526 2582 683 2634 malis
723 2585 909 2651 pectus
948 2584 1036 2636 uel
1074 2584 1132 2635 in
1170 2586 1384 2651 pectore
1424 2584 1583 2636 solue.

251 2653 290 2709 S
331 2656 396 2708 ed
437 2656 560 2725 quia
599 2654 813 2708 diuitias
851 2656 1060 2709 faciunt
1097 2659 1190 2708 aut
1227 2657 1480 2724 pecunias
1518 2657 1715 2724 fronte,

248 2729 283 2780 Ι
329 2729 432 2781 nde
471 2728 613 2797 perit
653 2729 850 2798 omniS,
890 2730 1100 2797 quando
1141 2730 1243 2781 sibi
1282 2730 1510 2782 maxime
1549 2729 1736 2781 fidunt.
1831 2741 1884 2780 10

252 2798 291 2855 S
331 2803 380 2854 ic
407 2801 650 2854 feminae
691 2820 899 2870 quoque
939 2805 1155 2871 coeunt,
1194 2804 1348 2871 quasi
1388 2803 1604 2855 initient
1642 2802 1861 2868 balne03
