2010 3220
234 191 423 236 LXXVI
879 191 1237 237 PRAEFATIO.

239 311 329 363 lua
365 311 534 363 maior
571 310 690 380 Rig.
737 311 796 364 in
834 329 1046 380 comm„
1099 312 1319 365 belluam
1356 312 1492 365 malo
1529 312 1598 365 id.
1636 313 1695 365 in
1731 316 1876 383 text„

239 383 406 437 bellua
450 384 618 436 malor
662 384 785 452 AB,
838 385 1004 438 bellua
1046 387 1238 449 maior,
1274 385 1292 454 ΙΙ
1328 385 1561 439 Bibeudo
1608 385 1758 439 Oehl.
1807 417 1870 425 -

236 475 287 509 ιι.
326 457 376 509 2.
428 458 657 524 superbis
696 458 835 527 edd„
887 460 1123 525 supernis
1161 457 1272 510 AB.
1313 489 1382 496 -—
1421 460 1640 525 inferior
1679 464 1875 514 amente

240 529 299 599 L,
337 531 551 584 interior
574 548 609 583 a
631 536 793 584 merite
821 530 920 583 AB
945 532 1074 600 edd„
1111 532 1329 598 inferior
1366 537 1529 585 mente
1564 532 1716 585 Pitra
1736 532 1808 602 Sp
1811 534 1875 587 ic.

237 602 265 655 I
302 622 353 671 p.
393 604 516 657 543.
560 634 621 641 —
665 623 714 657 ιι.
754 605 803 658 3.
851 604 1094 673 Reyentes
1133 605 1227 673 (sc.
1267 604 1486 674 ebriosi)
1525 605 1598 675 L,
1635 606 1875 674 Reyeutis
1989 673 1995 676 ί

236 675 480 729 ABedd.
509 707 571 714 —
617 677 882 747 teueutB,
922 677 1208 747 teuteutA,
1247 682 1417 731 teneus
1457 679 1571 731 edd.
1611 681 1874 748 —apud,

236 751 399 814 stulte,
439 750 684 818 Cyclopas
722 751 852 820 edd,
889 754 1032 819 apud
1065 753 1214 805 stulte
1251 750 1363 819 AB,
1408 753 1608 819 belopas
1643 750 1709 819 A,
1746 754 1875 807 helo-

227 840 331 890 pas
368 823 438 892 B,
480 823 611 876 olim
649 825 838 877 malui:
876 827 1018 892 apud
1051 825 1439 891 stultiloquaceS.
1483 856 1547 863 —
1590 845 1640 878 u.
1679 795 1728 879 4.
1796 827 1873 879 hi-

238 898 474 950 strouieis
511 896 555 949 L
595 895 684 966 (cf.
714 898 764 967 2,
794 898 876 967 16,
901 897 1009 969 22),
1049 899 1130 951 his
1167 899 1357 951 torruis
1394 897 1459 967 A,
1496 898 1577 952 his
1614 901 1775 953 toruis
1811 899 1876 965 B,

235 969 464 1023 historiis
517 971 653 1038 edd„
706 972 787 1024 his
830 973 1010 1025 scoriis
1061 971 1212 1024 Pitra
1259 969 1438 1039 spicil.
1476 971 1504 1023 I
1548 991 1600 1040 p.
1639 972 1761 1026 543.
1806 1004 1868 1011 ——

240 1061 290 1094 ιι.
330 1043 378 1096 5.
418 1045 665 1111 optimum
704 1043 853 1096 Oehl.
891 1045 948 1096 in
989 1045 1108 1098 adn.
1154 1076 1216 1082 —
1258 1046 1431 1111 sopire
1468 1043 1526 1114 L,
1563 1062 1738 1112 sapere
1774 1046 1872 1099 AB

237 1116 352 1169 edd.
392 1148 459 1154 —-
501 1136 551 1170 ιι.
580 1118 628 1170 6.
667 1119 812 1184 quod,
851 1120 977 1185 quid
1011 1117 1056 1170 B
1097 1119 1227 1187 edd,
1263 1117 1343 1185 qd
1369 1118 1434 1171 A.
1479 1149 1539 1156 —
1583 1138 1633 1171 ιι.
1661 1121 1709 1172 7.
1736 1137 1875 1187 pau-

232 1207 359 1256 pero
398 1189 458 1258 L,
497 1193 730 1259 ‹pautpclo
768 1190 833 1259 A,
861 1193 1128 1259 pauperclo
1167 1190 1229 1261 B,
1256 1193 1534 1260 pauperclo
1574 1192 1687 1244 edd.

384 1278 453 1345 II,
493 1279 580 1331 37.
620 1279 842 1332 Pastori.
886 1309 962 1333 —‚
999 1298 1049 1331 u.
1093 1281 1138 1331 1.
1186 1280 1349 1347 quod:
1387 1280 1456 1346 ῥά
1492 1279 1565 1347 A,
1594 1281 1676 1347 qd
1706 1277 1777 1348 ἀοῖ
1811 1280 1872 1333 Β.

243 1381 303 1387 -
347 1370 396 1403 ιι.
436 1353 485 1404 2.
538 1352 679 1405 forte
716 1357 900 1419 pastor
947 1356 1073 1420 post
1118 1354 1330 1406 adsidue
1369 1353 1578 1405 excidit.
1617 1384 1690 1390 —
1734 1373 1784 1406 u.
1825 1355 1873 1407 3.

237 1426 442 1477 tamen:
497 1430 554 1478 tu
591 1425 656 1478 A.
699 1457 765 1463 —
804 1427 1030 1479 immisce
1066 1426 1138 1492 A,
1192 1427 1399 1480 immisce
1438 1426 1506 1494 B,
1555 1428 1722 1480 iuuise
1759 1427 1873 1480 edd.

236 1527 306 1535 ·-—
345 1503 578 1566 repascat
615 1499 744 1563 edd„
782 1504 1052 1566 repascarit
1086 1499 1200 1551 AB.
1222 1511 1313 1537 ·—
1350 1518 1400 1552 u.
1425 1499 1473 1552 5.
1511 1500 1594 1552 uel
1629 1502 1779 1553 maa—e
1809 1501 1874 1553 A.

243 1601 304 1609 -
348 1591 398 1625 ιι.
440 1573 488 1625 7.
525 1573 643 1626 illos
680 1572 742 1642 B,
779 1573 870 1626 illo
907 1573 959 1625 A
998 1573 1111 1625 edd.
1153 1604 1222 1610 —-
1250 1573 1434 1626 malaot-
1461 1574 1626 1626 uoluit
1661 1573 1720 1626 B.

382 1644 451 1712 H,
491 1646 576 1699 38.
619 1645 819 1699 Oranti.
863 1676 926 1683 —
969 1665 1019 1698 ιι.
1059 1647 1107 1699 2.
1155 1647 1214 1698 de
1253 1646 1456 1699 latibuli
1491 1647 1720 1713 nequitia
1757 1646 1872 1716 AB,

236 1718 296 1770 ole
334 1718 560 1772 latibulis
596 1721 851 1786 nequitiae
889 1719 1005 1772 edd.
1045 1749 1114 1758 —-
1155 1738 1204 1771 ιι.
1243 1720 1292 1772 4.
1338 1721 1463 1786 quin
1501 1720 1637 1785 quod
1673 1719 1802 1788 edd,
1842 1737 1874 1787 Q

237 1789 325 1860 (A,
362 1793 453 1859 qui
489 1792 559 1860 B)
598 1793 726 1859 quid
759 1791 873 1845 AB.
924 1822 987 1830 —
1038 1794 1183 1846 detur
1227 1792 1279 1844 A
1319 1793 1432 1845 edd.
1442 1834 1456 1861 ,
1507 1793 1664 1845 datur
1700 1792 1760 1846 B.
1806 1824 1867 1830 —

236 1883 286 1917 ιι.
327 1866 375 1918 6.
415 1867 695 1919 orationem
734 1866 848 1935 AB,
886 1867 1140 1919 orationes
1178 1865 1292 1918 edd.

386 1939 455 2007 II,
494 1939 580 1992 39.
635 1940 837 1992 Nomen
875 1939 1083 1992 Gazaei.
1131 1971 1201 1977 —
1258 1938 1417 1992 Gasei
1456 1938 1568 1990 AB.
1617 1969 1683 1978 -
1733 1959 1783 1991 ιι.
1823 1941 1872 1992 2.

240 2011 458 2064 Teueute
495 2012 625 2081 edd„
676 2017 720 2066 te
755 2017 918 2066 merite
955 2012 1076 2083 AB3
1125 2012 1253 2065 ‘Vel
1281 2013 1605 2079 principium
1641 2030 1739 2080 pro
1780 2012 1872 2065 do-

235 2085 530 2138 minatione
570 2102 710 2138 noue
749 2086 934 2154 posuit
973 2084 1389 2138 Commodianus
1398 2127 1412 2153 ,
1462 2085 1549 2137 uel
1586 2085 1873 2154 legendum

238 2155 455 2210 Teueute
482 2158 864 2226 priucipatum'
903 2158 1039 2211 Dau.
1079 2189 1149 2196 —-
1188 2177 1238 2210 ιι.
1276 2160 1327 2210 4.
1371 2174 1529 2210 eausa
1565 2157 1636 2226 B,
1672 2161 1771 2210 effi
1807 2158 1874 2212 A.

241 2260 303 2267 -
346 2249 396 2283 u.
423 2232 469 2283 7.
508 2249 632 2299 quos
670 2231 800 2300 edd„
836 2233 972 2300 quod
992 2230 1105 2284 AB.
1136 2262 1197 2268 —
1239 2233 1371 2285 ussit
1407 2231 1538 2299 edd,
1576 2232 1729 2285 iussit
1758 2231 1871 2285 AB.

154 2309 157 2314 “
241 2334 303 2341 -
346 2323 396 2356 ιι.
422 2305 454 2357 8
508 2306 738 2359 millibus
760 2304 821 2358 B.
851 2336 912 2343 —
956 2305 1212 2374 eompletis
1243 2303 1357 2358 edd.
1397 2303 1486 2373 (ef.
1513 2303 1688 2358 Oarm.
1711 2303 1868 2374 Apol.

238 2376 382 2447 784),
420 2379 655 2445 completo
694 2376 807 2431 AB.
841 2409 911 2418 —
949 2398 999 2431 u.
1029 2379 1111 2431 10.
1151 2377 1529 2432 Combururitur
1566 2380 1703 2431 euim
1741 2378 1870 2446 edd„

236 2507 551 2563 Gomburuut
584 2528 636 2563 n.
675 2510 738 2579 A,
777 2452 1092 2564 conbursrunt
1125 2511 1262 2562 enim
1298 2509 1359 2562 B.
1403 2541 1478 2565 -,
1508 2529 1559 2564 ιι.
1587 2511 1668 2563 12.
1706 2511 1871 2578 diyui-

236 2583 333 2635 tosi
369 2582 427 2651 L,
464 2584 609 2651 diyui
632 2585 727 2638 tosi
763 2583 886 2654 AB3
926 2588 1095 2636 tamen
1119 2582 1179 2650 B,
1218 2587 1273 2636 tn
1298 2583 1368 2651 A3
1406 2583 1685 2652 Diyuiores
1721 2588 1870 2636 stem-

235 2660 369 2708 mate
407 2656 521 2708 edd.
558 2687 631 2695 —
676 2676 727 2710 ιι.
771 2658 853 2710 14.
899 2656 1004 2710 Dei
1040 2674 1250 2710 rursum
1286 2657 1514 2710 uiuentes
1552 2654 1645 2727 (sc.
1687 2655 1866 2726 erunt)

235 2729 293 2781 in
337 2747 462 2782 aeuo
507 2729 638 2797 edd„
689 2730 794 2783 Dei
839 2731 899 2783 iu
943 2747 1068 2784 aeuo
1112 2747 1321 2783 rursum
1364 2731 1592 2783 uiuentes
1637 2729 1748 2781 AB.
1797 2760 1866 2766 -—

235 2818 284 2853 ιι.
328 2803 407 2856 18.
462 2802 821 2871 Nullifiearites
858 2803 1029 2858 Deum
1067 2803 1196 2871 edd,
1259 2804 1413 2856 Nulli
1446 2804 1671 2869 frearites
1711 2801 1869 2871 (uulli
