2010 3220
677 231 1184 278 INSTRUCTIONUM
1213 231 1325 276 LIB.
1358 232 1415 276 11.
1782 226 1854 280 37

215 350 261 395 Π
296 355 349 395 14
382 350 434 396 O.
990 349 1090 393 XV.
1710 351 1765 390 56
1798 345 1857 389 R.

749 437 1334 493 DISSIMULATORI.

216 557 269 611 1)
300 558 572 611 issimulas
611 555 813 627 Legem
850 559 1003 610 tanto
1042 555 1330 626 praeconio
1369 556 1558 620 latam,

218 631 253 684 Ι
295 647 336 684 *n
373 632 510 684 tuba
547 632 887 700 praesentem
926 630 1145 682 caelesti
1182 647 1312 683 uoce
1350 630 1631 682 clamante.

222 702 262 759 S
302 705 322 756 i
360 703 627 774 propheta
663 706 878 756 tantum
918 703 1329 757 declamauisset
1365 703 1422 755 in
1460 702 1680 769 nubem,

222 775 262 832 S
301 777 547 831 uffieeret
584 777 768 846 utique
805 775 1029 830 Domini
1065 794 1173 829 uox
1210 776 1377 829 missa
1413 794 1508 845 per
1544 776 1711 829 illum.

219 850 255 904 1
302 869 341 903 n
379 853 465 904 tot
503 850 841 919 prefatorum
878 851 966 902 uel
1005 849 1166 902 minis
1203 867 1309 902 uox
1345 848 1448 902 Dei
1487 849 1809 918 proclamat3
1832 861 1860 902 5

217 923 274 977 M
302 924 510 976 alitiam
547 924 729 975 nullus
770 923 1017 975 dimittit:
1056 922 1136 976 ita
1174 940 1341 992 aeque
1380 922 1443 975 de
1484 922 1642 975 corde

220 996 272 1050 U
310 997 356 1050 is
395 997 543 1050 bona
579 996 762 1049 uidere
802 999 856 1048 et
891 996 1171 1049 fraudibus
1209 996 1391 1048 uiuere
1431 996 1657 1066 quaeris,

217 1068 264 1123 L
300 1083 365 1123 ex
402 1070 521 1138 ipsa
560 1087 654 1122 eur
692 1086 821 1139 ergo
860 1070 1125 1138 prooessit
1161 1072 1318 1123 tanto
1356 1068 1580 1122 labore?

215 1141 269 1196 A
299 1143 505 1196 buteris
544 1142 766 1196 Domini
804 1142 1062 1195 mandata
1101 1145 1154 1195 et
1190 1145 1245 1195 te
1283 1142 1455 1195 filium
1494 1142 1699 1211 inquis3

220 1215 269 1269 Τ
299 1235 336 1268 11
377 1216 423 1269 81
461 1216 599 1278 talise
629 1216 732 1268 eris
743 1257 757 1284 ,
797 1216 912 1268 sine
950 1234 1113 1269 eausa
1150 1215 1370 1283 uideris,
1408 1216 1642 1285 inquam.
1802 1228 1857 1268 10
1943 1244 1967 1271 ιε

218 1286 262 1343 0
300 1289 612 1358 mnipotens
650 1289 809 1341 mites
850 1289 1065 1359 quaerit
1104 1289 1207 1341 sibi
1247 1289 1388 1341 filios
1427 1306 1569 1357 esse,

217 1360 272 1414 R
300 1365 469 1431 ectos,
508 1362 666 1416 corde
703 1362 902 1431 bonos,
942 1362 1167 1416 deuotos
1205 1362 1315 1431 legi
1353 1361 1590 1430 diuinae,

217 1434 252 1487 I
297 1436 512 1488 mmites
553 1437 732 1488 autem
770 1435 880 1488 iam
921 1435 1070 1488 scitis
1109 1435 1204 1488 ubi
1243 1435 1510 1488 demersit.

217 1621 261 1665 11
295 1627 349 1666 15
384 1622 434 1666 o.
980 1622 1104 1667 xv1.
1726 1627 1780 1666 57
1807 1621 1860 1667 R.

384 1709 851 1766 SAEOULARIA
890 1712 972 1765 IN
1011 1711 1265 1766 TOTUM
1301 1710 1700 1765 FUGIENDA.

225 1826 264 1882 S
308 1829 327 1879 i
366 1828 585 1898 quidam
618 1828 887 1897 doctoreS,
927 1829 1055 1880 dum
1087 1830 1402 1897 exspectant
1430 1845 1654 1881 munera
1682 1831 1865 1881 uestra

223 1900 274 1953 A
309 1904 371 1954 ut
407 1901 603 1953 timent
638 1918 898 1969 personas
906 1943 922 1970 ‚
959 1902 1147 1954 laxant
1186 1901 1399 1970 singula
1436 1901 1616 1969 nobie,

224 1973 271 2027 Ε
309 1977 335 2027 t
373 1991 472 2044 ego
512 1992 623 2028 non
663 1974 849 2044 doee0,
889 1975 981 2027 sed
1022 1992 1185 2045 cogor
1224 1974 1399 2027 dicere
1435 1991 1636 2028 uerum.

218 2045 260 2101 C
310 2065 403 2100 um
443 2050 660 2101 caterua
696 2046 827 2101 Mali
863 2048 1045 2119 pergis
1086 2048 1154 2100 ad
1193 2047 1498 2118 spectacula
1536 2066 1696 2116 uana,

219 2119 272 2173 U
306 2121 363 2173 bi
403 2119 632 2174 Satanas
669 2120 976 2191 fragoribus
1015 2125 1369 2193 comparatur.
1837 2132 1868 2172 ὃ

221 2191 268 2246 L
306 2194 447 2248 icere
485 2194 791 2265 persuades·
815 2195 939 2265 tibi,
977 2197 1344 2267 quodcumque
1382 2198 1630 2267 placebit.

221 2264 273 2320 A
308 2267 527 2322 ltissimi
564 2268 734 2337 prolis
775 2286 896 2322 eum
934 2269 1059 2323 filiis
1098 2269 1288 2324 Zabuli
1326 2271 1494 2324 mixta

215 2337 271 2393 R
302 2341 539 2410 espieere
576 2359 709 2395 num
746 2342 853 2412 uis,
893 2344 1042 2413 queis
1079 2344 1419 2414 renuntiasti,
1457 2344 1675 2413 priora?

214 2412 249 2466 I
297 2431 337 2467 n
374 2415 508 2484 ipsis
547 2416 780 2470 uersaris
819 2415 1034 2486 iterum,
1073 2417 1200 2487 quid
1236 2417 1475 2487 proderit
1511 2417 1754 2472 Unctus?
1888 2472 1893 2476 ,

212 2484 264 2540 A
297 2490 360 2540 ut
401 2488 447 2541 si
484 2506 582 2558 pro
621 2489 882 2559 languore
921 2489 1105 2544 datum
1145 2492 1286 2561 quod
1326 2492 1488 2544 stulte
1527 2492 1782 2560 profanus
1802 2503 1859 2543 10

215 2703 262 2758 N
302 2707 429 2759 olite
469 2707 689 2778 diligere
730 2711 986 2763 mundum
1025 2729 1198 2780 neque
1238 2711 1496 2764 ambitum
1536 2711 1670 2763 eius:

334 2855 403 2906 16,
438 2856 514 2895 12:
548 2856 571 2895 1
605 2853 669 2898 10.
703 2857 744 2907 2,
779 2858 846 2899 15.
