2010 3220
0 1287 18 1332 ff

0 1862 9 1873 ,ι
0 1444 24 1849 ις’-Ἧι»..ςπν-Ὗι
0 1340 16 1430 [κῆρι.
1 1223 12 1267 αι·
3 1139 6 1142 ·
1 1028 19 1091 (μυ.
4 991 11 997 ι
3 959 11 967 v
4 924 13 947 *m
8 894 16 909 κ.
7 804 11 806 ⁴
11 759 13 777 ,1
6 718 18 746 427
7 675 11 700 ι».
10 609 13 614 .
10 583 13 595 .„

758 198 1120 244 PRAEFATIO.
1652 203 1758 248 LIII

114 330 342 425 tdclu'latur
378 361 442 415 B.
481 393 554 400 —-
593 382 643 416 ιι.
683 363 733 416 8.
778 363 1024 415 Lactanti
1061 360 1132 415 Β2
1170 363 1302 427 edd„
1340 365 1584 418 Laetanti
1621 366 1758 419 AB1.

119 466 182 474 —
225 437 352 503 quid
396 436 526 506 edd.,
577 437 713 504 quod
756 435 870 489 AB.
915 465 977 474 —
1030 456 1079 489 ιι.
1123 436 1206 489 10.
1260 438 1515 505 delinquet
1556 438 1759 507 Kaelb.,

115 509 366 577 relinquet
400 509 484 578 {d.,
523 510 737 578 delinyit
758 509 872 579 AB,
910 510 1127 578 delinqet
1163 510 1277 563 edd.
1312 542 1383 549 —
1423 531 1472 564 ιι.
1502 514 1583 564 11.
1621 513 1761 579 flebit

117 582 285 652 Oehl„
322 582 469 650 fleuit
503 582 550 636 B
590 583 728 654 Rig„
766 584 890 650 fleui
927 582 992 636 A.
1036 614 1099 621 —
1145 603 1194 636 ιι.
1223 585 1306 638 12.
1345 586 1444 638 erit
1481 585 1610 654 edd„
1649 591 1761 639 crat

113 684 226 739 AB.
272 681 345 723 '—
405 686 685 754 liquescant
721 685 850 755 edd„
911 659 1095 754 laqueii
1133 691 1251 739 eant
1288 686 1403 741 AB.
1462 719 1523 725 —
1582 708 1631 741 u.
1676 689 1760 743 13.

112 759 333 825 fulmine
370 758 439 830 B,
496 760 710 827 flumine
747 759 819 829 A,
872 760 1097 826 flumina
1135 759 1251 814 edd.
1298 792 1370 798 ——
1414 766 1591 815 coeunt
1627 762 1759 831 edd„

116 881 299 946 coyunt
341 876 454 931 AB.
507 908 572 916 —-
621 896 672 930 ιι.
716 878 798 932 14.
843 845 900 931 gt
934 894 1233 945 quacunque
1270 877 1331 930 B.
1378 909 1451 916 —
1497 883 1761 946 occupetur

115 950 214 1003 AB
253 950 390 1004 Dan.
432 949 599 1020 oehl„
637 955 914 1019 occupatur
950 950 1073 1021 Rig.
1117 982 1178 989 —
1222 970 1271 1004 ιι.
1301 951 1384 1005 15.
1422 956 1548 1021 post
1584 969 1760 1022 suppe-

117 1026 248 1077 tium
285 1023 437 1077 Pitra
477 1023 661 1094 spicil.
700 1024 728 1077 Ι
766 1043 817 1094 p.
850 1025 957 1078 543
997 1029 1117 1078 tunc
1153 1025 1385 1078 inseruit
1423 1026 1485 1079 cl.
1522 1043 1572 1078 ιι.
1616 1026 1758 1078 1006

118 1096 294 1151 Oarm.
332 1098 491 1167 Apol.
534 1128 599 1136 —
648 1099 886 1152 nauticae
912 1115 1111 1166 pumoes
1147 1098 1246 1151 AB
1259 1141 1274 1167 ,
1325 1100 1538 1152 nautica
1565 1101 1761 1166 pumn's

119 1171 232 1224 edd.
278 1202 339 1209 —
382 1190 433 1225 ιι.
469 1171 551 1225 16.
589 1172 848 1226 Flamma
886 1176 1056 1225 tamen
1077 1176 1257 1240 *yentes
1294 1172 1442 1225 Medi
1478 1172 1762 1240 Parthique

110 1245 318 1311 seruent
364 1263 430 1298 ex
467 1244 513 1297 B
555 1245 753 1299 codicis
794 1245 995 1315 duplici
1035 1246 1300 1314 scriptura
1337 1246 1572 1314 restitui,
1636 1263 1758 1298 ean-

117 1319 238 1371 dem
276 1319 398 1373 lect.
436 1318 626 1373 Kaelb.
673 1324 722 1372 et
764 1320 958 1373 uocula
996 1323 1122 1388 post
1155 1324 1324 1387 ¹qentes
1363 1319 1545 1371 addita
1584 1319 1757 1372 conie-

118 1395 278 1446 cerat.
353 1392 613 1446 Flamma
664 1397 835 1447 tamen
882 1397 1004 1462 yent
1054 1394 1156 1446 eris
1208 1394 1378 1446 media
1420 1391 1542 1460 par'
1590 1392 1688 1445 tir!
1728 1409 1761 1459 ᾳ

116 1482 332 1519 seruans
370 1465 436 1534 A,

153 1539 441 1594 Flammat.
469 1540 641 1593 Amen
673 1543 844 1608 yentes
879 1540 1027 1593 Medi
1064 1539 1350 1606 Parthique
1383 1538 1591 1605 seruent
1625 1536 1695 1590 Β2

142 1613 216 1666 F
220 1614 416 1667 lamma
432 1617 603 1668 tamen
613 1617 735 1682 yent
747 1630 835 1667 ens
851 1610 963 1683 (uel
978 1611 1101 1684 eris)
1117 1614 1287 1666 media
1291 1613 1464 1680 partit
1477 1630 1510 1679 Q
1525 1610 1760 1666 seruans¹

117 1687 400 1740 Flammat
419 1688 589 1741 Amen
622 1691 792 1756 yentes
829 1691 877 1740 et
912 1687 1061 1741 Medi
1090 1686 1374 1754 Parthique
1407 1685 1609 1753 seruent
1646 1685 1759 1739 edd.

122 1791 186 1799 —
229 1780 279 1814 ιι.
308 1762 392 1816 17.
428 1762 551 1815 mile
573 1761 687 1815 AB.
719 1791 789 1799 —
827 1761 1043 1827 feruunt
1078 1777 1290 1829 corpora
1326 1761 1518 1814 sanctis
1556 1759 1761 1827 Kaelb„

0 1888 9 1941 ἒ
117 1893 294 1959 ferunt
322 1893 388 1962 A,
423 1892 707 1961 ferunt¹B3
746 1909 958 1961 corpora
994 1893 1186 1946 sanctis
1224 1891 1338 1959 AB,
1375 1891 1553 1957 ferunt
1589 1895 1762 1958 operta

120 1965 343 2020 Ioannis
388 1965 519 2036 edd„
569 1966 746 2033 ferunt
788 1970 988 2035 coperta
1033 1965 1214 2019 Sancti
1259 1964 1380 2035 Rig.
1426 1965 1482 2018 in
1529 1964 1650 2018 adn.
1694 1995 1755 2002 —

118 2058 167 2092 ιι.
197 2039 279 2094 19.
317 2041 436 2108 ipsa
472 2039 570 2093 AB
594 2039 731 2110 Rig„
770 2041 879 2108 ipso
912 2039 1064 2093 Oehl.
1107 2067 1170 2076 —
1215 2042 1507 2092 cremantur
1544 2035 1614 2090 132
1631 2037 1762 2102 edd„

118 2118 391 2167 armantur
428 2113 563 2167 AB&

265 2230 336 2301 II,
374 2231 424 2284 3.
474 2230 559 2285 De
595 2231 956 2285 resurrectione
983 2231 1182 2299 prima.
1225 2260 1286 2267 -
1330 2229 1663 2283 resurectione
1699 2227 1762 2279 B.

124 2335 177 2342 -
230 2273 370 2359 u.'1.
416 2305 670 2358 descendit
706 2303 829 2373 AB,
874 2305 1130 2358 descendet
1167 2303 1282 2356 edd.
1321 2333 1393 2340 —
1430 2303 1507 2355 Et
1540 2302 1667 2369 quid
1703 2300 1761 2364 L,

119 2378 196 2430 Et
231 2379 368 2446 quod
402 2377 516 2446 AB,
555 2378 659 2432 Est
693 2346 830 2446 quod
865 2377 978 2432 edd.
1008 2407 1070 2415 ——
1114 2397 1163 2430 ιι.
1188 2377 1238 2432 3.
1275 2375 1611 2444 Resuryimus
1648 2373 1762 2441 AB,

119 2468 439 2521 resnryemus
478 2420 592 2505 e’dd.
636 2480 700 2490 -
741 2470 791 2505 ιι.
807 2452 858 2505 4.
896 2453 1033 2504 erint
1053 2449 1116 2520 B,
1154 2454 1304 2503 erunt
1325 2448 1376 2502 A
1399 2449 1535 2519 Rig„
1574 2449 1763 2502 erimus
1865 2480 1869 2483 «

624 2550 744 2582 more
773 2538 847 2582 wel
876 2542 1017 2582 morte

120 2597 256 2652 Dau.
295 2597 567 2652 Oeh1.—
627 2615 766 2652 more
802 2599 1032 2652 uiuentes
1070 2596 1190 2666 AB,
1245 2600 1404 2650 morte
1439 2613 1489 2648 u.
1537 2593 1651 2646 edd.
1697 2623 1757 2630 —

779 2686 966 2730 “imm

119 2764 169 2798 ιι.
195 2746 242 2799 6.
281 2747 498 2799 uincunt
532 2745 580 2798 B
605 2746 735 2816 edd„
771 2747 989 2801 uincunt
1017 2745 1082 2799 A.
1122 2775 1194 2783 —-
1233 2763 1283 2797 ιι.
1306 2744 1352 2796 7.
1391 2742 1534 2795 mala
1557 2739 1758 2807 Kaelb„

121 2818 186 2871 cf.
228 2818 395 2871 mala
433 2818 612 2888 passi'
651 2839 703 2874 ιι.
742 2820 797 2888 83
852 2821 1025 2873 maria
1065 2817 1186 2887 AB,
1241 2817 1494 2884 martyria
1534 2812 1646 2867 edd.
1692 2842 1754 2849 —
