2010 3220
579 176 1086 222 INSTRUCTIONUM
1118 178 1230 223 LIB.
1263 178 1297 222 I.
1686 179 1762 231 15

122 297 166 369 Q
198 297 289 350 uid
326 298 383 350 in
424 314 702 366 synagoga
740 296 976 349 decurris
1017 314 1173 365 saepe
1212 297 1472 350 bifarius‘?

121 370 172 424 U
204 373 229 424 t
264 371 367 423 tibi
405 371 706 423 misericors
745 370 843 422 fiat
881 387 1037 438 quem
1077 370 1309 440 denegas
1348 371 1526 424 ultro?

120 443 168 498 E
201 444 285 498 xis
324 444 448 496 inde
486 444 642 511 foriS‚
680 443 875 496 iterum
913 448 972 496 tu
1010 443 1140 496 fana
1176 444 1418 513 requiris,

122 591 174 646 U
205 592 252 645 is
292 592 434 644 inter
471 594 757 660 utrumque
796 592 1002 660 uiuere,
1042 590 1134 643 sed
1172 590 1295 643 inde
1334 590 1549 660 peribis,

124 665 158 718 Ι
203 683 403 734 nsuper
433 667 488 717 et
518 664 671 717 dicis:
714 662 843 726 Quis
883 666 980 731 est,
1019 664 1110 732 qui
1149 682 1182 716 a
1219 669 1392 717 morte
1430 665 1767 719 1·edemit‘?15.

119 738 171 792 U
202 742 228 791 t
267 739 543 792 credamus
585 738 655 806 ei,
695 737 950 806 quoniam
989 737 1064 790 ibi
1103 755 1309 805 poenae
1348 742 1595 808 aguntur.

120 812 168 865 E
202 813 278 865 ia!
318 830 451 880 non,
491 811 539 864 si
578 812 675 878 ait,
713 816 772 863 tu
813 815 971 879 putas
1012 829 1129 863 esse
1168 811 1446 880 maligno?

121 885 168 938 N
204 904 290 939 am
329 886 444 954 ille,
483 885 573 955 qui
611 903 709 953 pro
748 883 863 938 Deo
903 887 1002 952 est,
1039 886 1164 953 post
1200 884 1390 937 funera
1426 888 1567 938 recte
1606 886 1767 938 uixit,

123 958 170 1012 Τ
200 979 236 1012 u
275 963 458 1012 tamen
497 977 623 1011 mox
661 959 898 1011 moriens
938 957 1143 1010 duceris
1182 958 1241 1010 in
1277 958 1397 1012 loco
1437 959 1698 1028 malign0‚

120 1033 154 1086 I
201 1052 239 1086 n
278 1030 494 1086 Christo
534 1031 810 1085 credentes
851 1035 1029 1085 autem
1068 1032 1125 1084 in
1163 1031 1282 1084 loco
1321 1032 1572 1102 benigno,
1700 1046 1763 1085 20

118 1106 170 1160 B
202 1106 540 1176 landiturque
580 1106 772 1175 quibus
811 1105 1000 1158 haeret
1039 1105 1336 1158 amoenitas
1374 1106 1482 1158 illa.

125 1179 173 1233 U
206 1199 265 1234 os
307 1183 485 1232 autem
526 1179 676 1232 dubii
714 1180 773 1231 in
810 1197 908 1232 uos
949 1179 1061 1231 sine
1102 1196 1320 1247 corpore
1359 1180 1556 1247 poena!

124 1251 162 1307 S
201 1253 399 1306 uscitat
437 1254 494 1306 in
533 1253 756 1306 fratrem
795 1253 1016 1305 tortoris
1055 1253 1185 1305 ordo
1225 1252 1470 1305 clamare.

867 1397 1011 1442 XXV.

353 1502 477 1566 QU]
517 1501 799 1555 TIMENT
837 1501 1129 1556 ETNON
1168 1500 1529 1556 CREDUNT.

121 1620 165 1692 Q
196 1621 430 1690 uamdiu,
454 1622 618 1674 stulte
642 1621 819 1689 hom0,
844 1619 1117 1674 Christum
1150 1637 1470 1690 cognoscere
1500 1638 1609 1672 non
1635 1620 1717 1672 uis
1731 1619 1769 1671 ⁶3·

121 1694 170 1748 U
202 1696 307 1748 itas
347 1711 536 1765 agrum
574 1695 832 1764 pinguem
873 1703 928 1748 et
966 1695 1138 1748 sterili
1178 1694 1384 1746 semina
1421 1693 1627 1745 iactas?

122 1768 155 1822 I
201 1787 238 1821 n
278 1768 417 1822 silua
456 1785 670 1822 manere
710 1769 920 1838 quaeris
929 1810 942 1837 ‚
981 1768 1073 1820 ubi
1111 1768 1252 1820 latro
1290 1766 1570 1819 moratur?

127 1915 174 1968 Τ
208 1934 244 1967 u
283 1915 439 1968 dicis:
478 1914 554 1968 Et
592 1931 692 1984 ego
732 1914 832 1968 Dei
874 1933 1015 1982 sum,
1054 1917 1108 1966 et
1144 1914 1289 1966 foras
1330 1914 1586 1966 oberras?

122 1989 156 2041 I
204 1988 462 2059 ngredere
502 1989 609 2041 iam
648 2007 791 2042 nunc
828 1988 990 2040 toties
1027 1987 1294 2040 inuitatus
1333 1987 1390 2039 in
1432 1988 1574 2039 aula:
1733 2000 1770 2039 εν

122 2061 178 2115 Μ
206 2066 362 2114 atura
398 2063 508 2116 iam
548 2063 762 2131 messis,
800 2065 1013 2130 tempus
1051 2061 1382 2129 totidemque
1421 2063 1684 2129 paratum,

123 2135 170 2188 E
207 2154 296 2189 cce
335 2136 496 2191 modo
537 2139 691 2189 mete.
770 2134 971 2198 Quodsi
1009 2153 1117 2188 non
1156 2139 1210 2187 te
1249 2135 1508 2203 paenitet,
1545 2134 1666 2186 inde

123 2209 169 2261 N
202 2228 332 2277 unc,
373 2210 419 2263 si
456 2227 569 2262 non
606 2210 797 2278 habeS,
837 2208 1050 2278 collige,
1089 2208 1359 2261 uindemia
1397 2208 1538 2260 uina.

128 2281 174 2335 Τ
203 2301 388 2352 empus
428 2283 582 2336 adest
618 2283 766 2336 uitae
807 2282 1052 2335 credendi
1090 2285 1333 2350 tempore
1372 2281 1574 2333 mortis.

124 2429 170 2483 E
207 2433 257 2482 st
281 2428 382 2483 Dei
406 2429 516 2482 Lex
554 2430 729 2499 prima
766 2429 1176 2482 fundamentum
1214 2429 1462 2496 posterae
1501 2425 1684 2495 Legis:
1707 2440 1770 2479 10·

126 2502 173 2555 Τ
209 2522 236 2555 c
277 2504 360 2556 cui
399 2503 759 2574 designabas‘?
837 2501 1079 2555 Crederis
1118 2501 1175 2552 in
1213 2499 1356 2568 Lege
1395 2498 1646 2566 secunda3

124 2648 170 2701 N
207 2667 265 2702 ec
303 2651 481 2703 minae
522 2668 585 2703 ex
623 2651 764 2719 ips0,
805 2649 896 2702 sed
936 2666 999 2701 ex
1038 2648 1155 2716 ipsa
1193 2646 1293 2698 tibi
1332 2647 1600 2714 potentes:

129 2720 172 2775 0
205 2723 397 2792 bstupe
436 2724 546 2777 iam
585 2724 762 2776 factus
804 2740 898 2776 ora
936 2725 994 2774 tu
1035 2720 1243 2774 credere
1283 2717 1512 2786 Christo,

124 2795 171 2847 N
206 2814 294 2849 am
333 2797 734 2850 Testamentum
775 2795 944 2849 Vetus
984 2795 1047 2847 de
1085 2794 1178 2846 illo
1218 2792 1528 2862 proclamat.
