2010 3220
611 202 1119 249 INSTRUCTIONUM
1149 203 1261 250 LIB.
1293 205 1349 248 ΙΙ.
1714 207 1782 260 31

149 320 204 375 Ι)
237 324 294 375 at
332 322 577 392 genitum
615 325 760 375 terra
798 321 974 374 uirum
1013 325 1142 376 tunc
1180 325 1239 376 in
1276 324 1469 377 ultima
1506 325 1626 379 fine.

150 394 186 449 I
234 413 274 448 n
309 397 456 448 terra,
494 398 681 465 gentes
721 397 774 447 et
810 397 939 448 tunc
977 395 1236 449 increduli
1275 398 1452 451 cuncti

148 467 197 522 E
231 469 409 522 uitant
446 471 629 522 tamen
668 470 978 522 sanctorum
1016 472 1194 523 castra
1234 488 1466 524 suorum.
1759 485 1786 525 5

148 687 183 741 I
233 706 271 741 n
310 706 420 742 una
457 687 676 740 flamma
714 688 982 741 conuertit
1018 691 1136 742 tota
1173 692 1392 760 natura,

147 760 199 814 U
230 762 367 815 ritur
404 762 472 815 ab
511 761 635 814 imis
673 763 819 814 terra
857 764 1173 832 montesque
1211 763 1537 833 liquescunt,

147 833 200 887 Ι)
233 852 261 887 e
300 835 438 888 mari
474 834 555 887 nil
594 838 857 903 remanet,
895 835 1131 889 uincitur
1170 836 1237 889 ab
1276 837 1402 905 igne
1440 840 1677 907 potente,

147 908 182 962 Ι
230 908 398 961 nterit
434 908 537 962 hoc
576 908 784 961 caelum
824 911 877 961 et
916 910 1062 963 astra
1100 912 1154 962 et
1191 909 1297 962 ista
1334 913 1480 965 terra
1518 913 1772 966 mutatur.

149 980 190 1036 C
227 982 536 1051 omponitur
573 980 681 1034 alia
717 981 933 1036 nouitas
973 982 1105 1036 caeli
1135 985 1413 1053 terraeque
1443 985 1710 1053 perennis.
1731 998 1784 1039 10

146 1054 182 1108 Ι
230 1055 336 1108 nde
375 1055 467 1124 qui
505 1057 719 1108 merunt
756 1055 1046 1109 mittuntur
1083 1055 1142 1108 in
1180 1060 1353 1110 morte
1392 1058 1648 1127 secunda,

147 1128 182 1182 I
232 1127 560 1182 nterioribus
600 1130 782 1182 autem
820 1127 1144 1183 habitaculis
1182 1130 1313 1183 iusti
1350 1129 1613 1184 locantur.

144 1462 189 1507 11
221 1468 250 1507 4
282 1461 334 1507 ο.
899 1400 972 1508 <r
1648 1469 1705 1510 46
1737 1465 1789 1511 R.

717 1565 1231 1623 OATEGUMINIS.

151 1698 192 1753 G
228 1698 477 1752 redentes
515 1699 574 1752 in
614 1698 828 1753 Christo
869 1699 1135 1753 derelictis
1175 1700 1333 1754 idolis
1373 1719 1559 1754 omnes

147 1771 198 1826 A
230 1772 458 1827 dmoneo
496 1772 682 1842 paucis
719 1775 942 1842 propter
980 1773 1242 1826 salutaria
1277 1777 1474 1827 uestra.

151 1845 199 1899 Τ
229 1846 538 1915 emporibus
576 1846 764 1915 primis
803 1863 900 1915 per
938 1864 1172 1900 errorem
1212 1846 1257 1899 si
1296 1865 1402 1916 qua
1438 1847 1661 1917 gerebas
1670 1889 1684 1917 ,

147 1919 195 1973 Ε
229 1922 452 1990 rogatus
493 1919 638 1972 enim
677 1917 894 1973 Christo
932 1922 993 1972 tu
1032 1922 1224 1973 cuncta
1261 1921 1523 1990 relinque,

150 1991 191 2047 C
228 2011 424 2063 umque
462 1990 639 2046 Deum
676 1993 848 2062 nosti,
887 1996 1004 2046 esto
1042 1993 1217 2046 bonus
1255 1994 1383 2061 tiro,
1421 1993 1706 2064 probatuS,
1761 2007 1786 2046 5

148 2065 201 2120 U
231 2066 577 2136 irgineusque
615 2066 789 2135 pudor
826 2070 1006 2119 tecum
1043 2069 1289 2120 uersetur
1326 2067 1385 2119 in
1423 2084 1579 2138 agno,

146 2139 204 2193 M
231 2157 325 2193 ens
364 2140 522 2193 bonis
562 2139 830 2211 inuigilet:
870 2157 1000 2194 caue
1034 2142 1096 2193 ut
1127 2158 1239 2194 non
1270 2139 1548 2210 delinquas
1579 2139 1785 2209 inante3

148 2212 183 2266 Ι
228 2231 268 2265 n
306 2214 575 2283 baptismo
612 2213 716 2267 tibi
756 2213 992 2283 genitale
1033 2213 1206 2267 solum
1246 2214 1469 2267 leuatur.

147 2285 195 2339 N
229 2304 316 2340 am
357 2287 402 2340 si
441 2287 559 2357 quis
596 2304 826 2357 peccans
866 2287 1231 2340 catecuminus
1269 2304 1445 2356 poena
1482 2289 1717 2355 notatur,

148 2359 183 2413 I
230 2378 268 2413 n
285 2360 455 2431 signis
471 2360 561 2414 ille
576 2360 744 2430 uiuat,
769 2359 862 2413 sed
883 2377 995 2414 non
1011 2360 1126 2413 sine
1143 2359 1355 2413 damno,
1385 2358 1716 2429 MemoreriS,
1731 2372 1786 2411 10

152 2430 192 2487 S
235 2452 420 2487 umma
455 2434 580 2487 tibi:
619 2434 807 2504 grauia
843 2435 1066 2504 peccata
1103 2433 1285 2487 deuita
1321 2435 1383 2487 tu
1423 2451 1645 2503 semper.

270 2655 311 2706 4,
345 2655 394 2695 3:
425 2650 571 2708 Apoc.
602 2655 673 2708 20,
708 2656 776 2696 13.
810 2675 866 2686 —
898 2655 939 2699 9.
975 2655 1050 2696 10:
1081 2650 1224 2709 Apoc.
1258 2655 1329 2708 21,
1363 2657 1401 2697 1.
