2010 3220
734 205 1093 252 PRAEFATIO.
1524 208 1735 254 LXXVII
1805 277 1820 290 x

98 327 306 394 fuantes
349 327 436 379 uel
477 325 702 392 ferantes
747 323 817 394 B)
855 324 967 378 Deo
1014 325 1079 378 A.
1135 357 1202 363 —
1258 345 1307 379 ιι.
1350 327 1432 380 19.
1495 327 1736 395 loquendo

102 400 232 468 edd„
271 400 506 468 ῑοςιαεφε
543 399 609 466 A,
648 398 816 465 laques
846 396 954 450 eB.
994 427 1065 436 —
1105 417 1153 451 ιι.
1178 399 1263 452 2Ο.
1300 399 1374 452 In
1411 400 1569 454 bustis
1606 400 1738 470 edd„

101 473 335 527 mbustis
371 471 485 525 AB.
527 471 846 524 —tumulis
883 471 1013 541 edd„
1052 473 1279 526 twmulus
1315 472 1428 526 AB.
1468 503 1536 510 —
1576 493 1624 527 ιι.
1651 475 1736 527 21.

103 546 422 615 Demerqunt
457 545 661 610 inferno
700 542 820 613 AB,
874 546 1231 614 demeryuntur
1267 546 1473 613 inferno
1513 546 1626 600 cdd.
1671 577 1731 585 —

90 636 315 688 poenam
351 618 411 687 L,
438 635 609 685 poena
647 618 719 686 A,
745 634 924 685 paena
959 618 1031 686 B,
1066 636 1262 686 poenas
1299 620 1413 672 edd.
1453 650 1522 659 —
1561 638 1612 673 ιι.
1650 621 1737 673 24.

17 744 25 747 ,
101 710 285 747 merces
322 692 453 781 edd„
490 692 672 745 mercis
708 689 826 743 ΑΒ.

250 808 670 863 Commodianus
710 808 1122 878 cognominatur
1161 808 1397 863 Gazaeus
1437 810 1550 862 siue
1590 808 1739 863 Gaza

22 907 24 911 ·
102 883 299 953 oppido
354 882 611 935 oriundus
651 882 766 934 siue
819 897 951 950 gazo
1004 883 1326 953 praefectus3
1380 900 1565 952 neque,
1615 901 1736 936 cum

22 1002 25 1004 ,
100 956 294 1010 litteris
333 973 586 1009 uersuum
623 954 811 1024 primis
851 973 1062 1008 sursum
1100 955 1310 1009 relectis
1343 957 1565 1009 nomina
1588 955 1739 1010 COM-

101 1044 401 1083 MODIANUS
431 1027 741 1082 MENDICUS
774 1026 1011 1082 CHRISTI
1049 1032 1457 1099 componantur,
1496 1029 1742 1098 displicet

104 1101 519 1156 Commodianus
559 1101 750 1154 aerarii
789 1105 994 1170 custos,
1039 1102 1098 1154 in
1136 1102 1279 1172 quod
1318 1102 1461 1156 dona
1499 1103 1738 1155 fidelium

105 1177 174 1229 ab
224 1176 316 1228 illo
367 1175 673 1228 mendicata
721 1175 983 1228 redibant.
1070 1175 1247 1244 Atque
1298 1176 1591 1228 uerisimile
1643 1180 1738 1244 est,

102 1249 158 1302 id
203 1249 347 1319 quod
390 1247 737 1301 Hermannus
783 1248 1033 1302 Roensch
1080 1248 1282 1318 docuit,
1336 1250 1393 1301 in
1431 1249 1532 1301 hac
1573 1249 1738 1302 artifi-

105 1323 250 1376 ciosa
302 1322 590 1375 uerborum
644 1322 1031 1391 compositione
1082 1325 1302 1391 poetam
1358 1341 1511 1376 suum
1572 1322 1739 1390 ipsius

103 1414 305 1448 nomen
334 1397 561 1449 mendico
593 1398 754 1466 atque
780 1395 985 1450 Gazaeo
1016 1396 1250 1449 iunxisse
1288 1399 1511 1465 propter
1550 1413 1740 1464 oppor—

102 1471 294 1522 tunam
356 1469 747 1522 deriuationem
810 1488 842 1521 a
908 1469 1073 1522 uerbo
1138 1468 1456 1523 ‘commodi'
1518 1469 1741 1521 factam·

104 1540 523 1596 Commodianus
554 1543 724 1612 igitur
753 1542 799 1595 is
832 1546 930 1612 est,
955 1543 1045 1612 qui
1075 1543 1356 1596 commoda
1380 1542 1419 1611 (
1424 1539 1740 1612 Darlehen')

103 1615 429 1684 pauperibus
468 1616 502 1668 i.
527 1634 569 1669 e.
602 1615 717 1668 Deo
751 1616 932 1669 debita
959 1616 1227 1704 congerit3
1266 1615 1331 1670 cf.
1369 1615 1526 1670 Prou
1549 1615 1741 1684 19,17:

105 1689 340 1753 δανείζει
378 1690 496 1762 θεῷ
538 1684 567 1742 ὁ
610 1689 780 1742 ἐλεῶν
818 1686 1057 1759 πτωχόν,
1094 1691 1186 1757 qui
1211 1706 1505 1757 pauperum
1541 1690 1742 1742 misere-

104 1765 204 1827 bwr,
263 1761 375 1815 Deo
420 1763 656 1828 faenerat
703 1762 860 1832 Cypr.
912 1764 1111 1816 testim.
1160 1761 1264 1831 ΙΙΙ,
1309 1766 1335 1816 1
1385 1761 1458 1833 (p.
1502 1762 1627 1829 109,
1669 1762 1741 1814 20

20 1835 187 1920 ,ed·
218 1834 326 1905 H..)

256 1950 566 2006 Scribebam
604 1952 810 2006 Isenaci
849 1971 1032 2006 mense
1071 1951 1267 2006 Martio
1308 1971 1353 2005 a.
1398 1953 1553 2006 1878.

1461 2113 1528 2165 Ε.
1567 2113 1628 2165 L.
