2010 3220
256 186 328 240 30
882 183 1275 230 COMMODIANI
1349 192 1352 195 ·

253 377 296 420 II
329 381 354 420 2
388 374 439 420 O.
1032 374 1112 420 111.
1752 379 1810 419 44
1841 375 1898 422 R.
1950 402 1968 410 ·-

561 479 661 533 DE
701 477 1315 534 RESURRECTIONE
1354 478 1600 533 PRIMA.

254 612 306 666 l)
341 632 368 666 e
408 614 556 666 eaelo
597 612 868 666 deseendit
906 612 1098 667 ciuitas
1137 612 1195 665 in
1234 612 1473 665 anastasi
1511 611 1700 680 prima.

255 686 302 740 E
337 690 361 739 11
400 687 526 756 quid
563 686 857 739 referamus
897 685 961 738 de
999 685 1205 739 fabrica
1241 688 1397 739 tanta
1437 684 1691 738 caelesti?

255 832 308 886 R
342 833 644 903 esurgimus
682 832 786 901 1111,
825 832 917 900 qui
954 831 1156 883 fuimus
1195 830 1277 883 illi
1315 830 1520 884 deuoti:

254 906 302 960 E
336 909 361 960 t
397 905 698 974 ineorrupffi
736 905 879 958 erint
915 905 1025 957 iam
1061 907 1192 957 tuno
1232 904 1347 956 sine
1386 922 1539 957 mora
1575 905 1820 958 uiuentes
1828 946 1844 973 ,

257 978 296 1033 S
340 979 406 1032 ed
441 997 540 1032 neo
579 979 731 1032 dolor
768 979 908 1030 ullus
945 996 1045 1031 nee
1084 977 1316 1048 gemitus
1357 977 1458 1030 erit
1494 978 1551 1030 in
1588 978 1697 1031 illa.
1869 990 1895 1030 5

253 1051 306 1106 U
339 1053 516 1106 enturi
541 1055 668 1105 sunt
689 1051 771 1104 illi
795 1069 1029 1121 quoque,
1069 1052 1168 1104 sub
1193 1050 1531 1104 Anbiehrisizo
1557 1051 1649 1121 qui
1672 1052 1899 1104 uincunt

253 1125 307 1179 R
339 1127 534 1179 obusta
571 1125 741 1194 mala,
781 1127 835 1177 et
870 1125 976 1194 ipsi
1012 1127 1126 1178 toto
1164 1127 1405 1193 {sempore
1444 1124 1640 1177 uiuunt

253 1199 307 1254 R
338 1200 681 1269 ecipiunt‘que
719 1199 887 1267 bona,
926 1198 1182 1268 quoniam
1221 1198 1365 1251 mala
1401 1198 1552 1267 passi
1589 1198 1763 1263 fuere,

253 1273 301 1327 E
336 1276 361 1326 12
399 1275 661 1343 generant
697 1271 803 1340 ipsi
840 1289 936 1341 per
975 1289 1145 1325 annos
1183 1271 1330 1324 mille
1368 1271 1647 1324 nubentes,

257 1346 297 1400 G
336 1349 687 1416 omparantur
723 1345 802 1398 ibi
839 1348 957 1398 tota
993 1344 1284 1415 uectigalia
1319 1347 1518 1413 terrae,
1840 1356 1898 1397 10

258 1419 305 1474 Τ
337 1438 456 1473 erra
495 1421 620 1490 quia
656 1419 889 1471 nimium
926 1418 1105 1471 fundit
1143 1418 1258 1471 sine
1296 1417 1404 1470 fine
1442 1420 1662 1470 nouata.

255 1493 288 1546 I
338 1494 454 1546 nibi
490 1511 604 1546 non
641 1493 847 1562 pluuia,
885 1511 997 1546 non
1033 1492 1224 1562 frigus·
1246 1491 1305 1544 in
1345 1508 1506 1544 aurea
1544 1493 1744 1560 eastra,

257 1565 301 1620 Ο
337 1567 542 1620 bsidiae
579 1567 781 1635 nullae,
821 1566 961 1618 siout
996 1583 1161 1634 nune,
1198 1582 1370 1635 neque
1409 1565 1644 1633 rapinae.

254 1640 301 1693 N
341 1658 400 1693 ee
437 1641 687 1693 lucernae
725 1640 906 1692 lumen
944 1638 1212 1691 desiderat
1250 1638 1440 1691 ciuitas
1478 1636 1593 1689 illa:

254 1713 302 1767 E
337 1732 372 1766 x
411 1716 626 1767 auctore
666 1731 763 1766 suo
800 1713 964 1782 lueet,
1002 1729 1101 1765 nee
1138 1728 1250 1765 non
1286 1710 1364 1764 ibi
1401 1713 1592 1779 parata
1844 1722 1899 1762 15

256 1860 307 1913 P
339 1878 396 1913 er
435 1859 713 1914 duodecim
752 1859 903 1912 milia
942 1858 1115 1912 stadia
1152 1857 1289 1928 laia,
1325 1858 1514 1927 longa,
1553 1856 1629 1909 sie
1669 1855 1801 1908 alta:

255 1933 310 1987 R
340 1934 544 1988 adicem
576 1951 697 1987 eum
727 1935 894 2002 terra,
933 1932 1026 1986 sed
1057 1934 1219 2001 eaput
1250 1949 1372 1984 eum
1403 1930 1551 1984 caelo
1582 1930 1901 1998 peraequat3

259 2007 294 2060 I
342 2025 380 2059 n
419 2007 552 2060 urbe
590 2025 688 2076 pro
726 2006 933 2060 foribus
974 2009 1155 2059 autem
1194 2004 1275 2057 sol
1315 2007 1368 2057 et
1403 2004 1535 2056 luna
1572 2003 1788 2057 lucebit.

258 2080 315 2133 M
342 2082 457 2134 alus
497 2081 557 2133 in
596 2096 796 2150 angore
836 2082 1052 2149 saeptus
1091 2080 1312 2148 propter
1348 2077 1521 2130 iusizos
1561 2075 1797 2129 alendos,

258 2151 308 2207 A
339 2154 374 2207 b
415 2154 572 2207 annis
611 2156 790 2207 autem
828 2153 974 2206 mille
1013 2151 1160 2205 Deus
1201 2150 1382 2204 omnia
1418 2151 1674 2218 praestat.
1840 2159 1898 2201 20

986 2313 1014 2370 *J
1036 2355 1115 2399 IV.
1752 2354 1810 2395 45
1841 2350 1899 2396 R.

789 2458 889 2514 DE
926 2459 1053 2518 DIE·
1092 2456 1367 2513 mmon.

258 2355 444 2402 1130.

258 2593 311 2648 Ι)
347 2613 375 2647 8
414 2594 497 2647 die
535 2592 716 2647 iudicii
752 2595 974 2663 propter
1010 2591 1309 2645 incredulos
1350 2590 1512 2644 addo:

259 2667 306 2723 E
341 2668 538 2722 missus
576 2668 771 2720 iterum
808 2665 910 2719 Dei
949 2665 1236 2720 donabitur
1275 2664 1445 2734 ignis,

380 2818 421 2869 3,
458 2818 531 2858 16:
572 2812 717 2868 Ap00.
750 2815 821 2867 21,
857 2815 924 2855 16.
