2010 3220
606 147 1113 196 INSTRUCTIONUM
1144 149 1255 195 LIB.
1288 150 1323 193 1.
1710 150 1781 204 25

837 266 1089 312 XXXVIII.

806 341 1122 396 IUDAEIS.

138 428 174 482 I
222 430 437 514 mprobi
476 447 686 499 semper
724 432 780 483 et
816 431 951 484 dura
987 431 1191 485 ceruice
1227 431 1462 485 recalces
1470 472 1485 500 ,

140 502 238 556 U
222 503 331 556 mci
367 521 467 557 uos
505 521 619 557 non
655 503 845 573 uultis,
885 504 962 557 sic
1001 504 1287 557 exheredes
1326 504 1492 557 eritis,

139 574 191 628 Ι)
223 577 324 629 ixit
361 576 556 630 Esaias
594 577 894 631 incrassato
935 577 1092 631 corde
1130 595 1230 631 uos
1270 595 1401 631 esse.

139 648 190 703 A
223 650 383 719 spicis
421 649 643 721 Legem,
681 669 842 721 quam
880 651 1099 720 Moyses
1138 651 1307 705 allisit
1343 651 1534 720 iratus3

139 722 187 776 E
221 726 245 776 t
283 723 425 776 idem
463 723 729 778 Dominus
769 724 916 777 dedit
953 724 1036 777 illi
1073 724 1274 794 Legem
1316 725 1624 795 secundam,
1755 738 1781 778 5

139 795 173 849 Ι
221 814 259 849 n
296 796 391 850 illa
431 815 581 868 spem
618 798 822 868 posuit,
860 817 1023 868 quam
1061 816 1159 852 uos
1199 798 1543 852 subsannatis
1582 798 1784 852 reiecti.

143 867 182 923 S
223 870 286 922 ed
325 870 444 925 ideo
485 871 638 941 digni
674 889 786 925 non
825 871 974 925 eritis
1011 888 1180 941 regno
1221 872 1456 925 caelesti.

859 1001 1073 1051 XXXIX.

696 1077 877 1131 ITEM
914 1077 1229 1132 IUDAEIS.

141 1164 174 1218 I
220 1165 405 1234 nspice
443 1164 599 1218 Liam
637 1169 826 1235 typum
866 1165 1189 1238 Synagogae
1227 1167 1417 1235 fuisse,

143 1237 190 1291 Τ
226 1257 313 1292 am
351 1239 576 1292 infirmis
617 1239 806 1309 oculiS,
846 1259 1009 1310 quam
1046 1240 1208 1293 Iacob
1244 1241 1306 1292 in
1345 1240 1499 1310 signo
1538 1240 1762 1309 recepit3

138 1311 186 1365 E
220 1315 245 1365 t
280 1315 465 1366 tamen
503 1312 729 1366 seruiuit
765 1332 977 1367 rursum
1014 1332 1112 1383 pro
1152 1313 1360 1367 minore
1400 1312 1607 1366 dilecta.

139 1384 196 1438 M
220 1386 481 1455 ysterium
519 1404 706 1439 uerum
746 1390 800 1439 et
837 1390 1032 1456 typum
1069 1387 1347 1440 Ecclesiae
1383 1389 1615 1440 nostrae.

139 1502 173 1556 1
218 1503 393 1556 ntuite
430 1504 587 1572 plene
626 1503 828 1557 dictum
864 1503 1138 1558 Rebeccae
1178 1504 1243 1557 de
1282 1504 1454 1557 caelo:
1755 1516 1782 1556 5

139 1575 191 1630 U
221 1576 326 1630 nde
365 1577 682 1630 simulantes
723 1577 930 1630 alienae
968 1575 1182 1631 Christo
1223 1577 1468 1630 credatis.

138 1648 191 1703 I)
225 1650 379 1703 einde
418 1650 654 1703 Thamar
690 1653 905 1720 partum
944 1651 1282 1721 geminorum
1322 1649 1488 1719 adite,

139 1721 189 1776 A
223 1723 257 1776 d
295 1722 431 1777 Cain
468 1723 752 1793 intendite,
792 1725 1024 1793 primum
1063 1727 1345 1793 terraeque
1384 1725 1669 1792 cultorem,

138 1796 186 1850 E
220 1799 245 1849 t
274 1796 416 1850 Abel
446 1799 743 1866 pastorem,
774 1798 1087 1866 priusquam
1117 1797 1223 1850 fuit
1252 1799 1520 1850 mactatus
1553 1815 1585 1850 a
1615 1796 1783 1849 fratre

138 1869 173 1922 I
222 1889 260 1922 n
298 1869 482 1923 fratris
523 1870 732 1923 saeuitu
771 1870 991 1923 offertor
1027 1870 1418 1924 immaculatus.
1725 1883 1780 1923 10

146 1941 185 1997 S
225 1944 275 1996 ic
315 1959 443 2013 ergo
481 1943 741 2013 percipite
780 1944 1016 1997 iuniores
1056 1941 1271 1997 Christo
1309 1943 1582 2012 probatos.
1655 1945 1662 1947 ’

703 2074 1013 2225 1ΤΕ1111Χ11”
1029 2147 1223 2204 IPSIS.

142 2235 177 2288 I
226 2236 512 2290 ncredulus
551 2237 785 2307 populus
823 2255 936 2291 non
977 2240 1060 2291 est
1096 2238 1202 2290 nisi
1240 2240 1432 2305 uester,
1470 2235 1665 2305 iniqui,

143 2308 191 2362 T
226 2314 284 2363 ot
319 2310 452 2364 locis
492 2313 547 2364 et
583 2311 784 2365 totiens
822 2311 1141 2380 reprobatus
1178 2310 1299 2381 lege
1339 2310 1685 2363 clamantum.

16 2353 31 2415 ’ἶ
141 2382 189 2436 Ε
223 2386 248 2436 t
287 2384 513 2437 sabbata
551 2387 734 2449 uestra
773 2385 981 2454 spernit
1018 2387 1073 2437 et
1109 2381 1411 2437 tricesimas
1450 2382 1611 2435 Altus

139 2454 194 2508 R
225 2458 426 2511 esecuit
466 2458 687 2511 omnino
726 2459 1007 2511 uniuersas
1046 2460 1255 2511 uestras
1293 2457 1357 2509 de
1395 2455 1561 2526 Lege,

139 2528 191 2583 U
222 2533 247 2582 t
283 2548 353 2584 ne
392 2530 658 2584 sacrificia
694 2531 944 2585 faceretis
983 2530 1067 2583 illi
1105 2533 1413 2600 praecepta,
1755 2538 1781 2579 5

139 2601 378 2657 Mittere
418 2604 509 2673 qui
547 2603 682 2656 dixit
718 2604 948 2674 lapidem
988 2605 1045 2657 in
1085 2604 1338 2657 scandalo
1378 2604 1575 2670 uestro,

260 2722 330 2773 38,
366 2724 410 2762 1:
443 2719 546 2763 Act.
582 2722 622 2774 7,
655 2723 725 2763 51.
756 2745 815 2752 -
847 2724 895 2763 3:
928 2717 1003 2763 Es.
1037 2725 1078 2775 6,
1112 2723 1180 2764 10.

260 2780 332 2834 40,
367 2781 415 2821 6:
458 2778 590 2832 Rom.
625 2781 665 2833 9,
698 2782 778 2822 33.-
831 2777 908 2824 Es.
939 2782 980 2834 8,
1017 2783 1084 2822 14.
