2032 3220
243 233 351 278 XIV
884 231 1242 277 PRAEFATIO.

588 336 639 393 ‘A
1055 349 1093 393 Β
1569 364 1682 396 uera
1710 351 1852 399 lectio

247 456 293 525 1,
310 454 411 525 5,4
523 454 726 508 fecerat
747 453 827 506 illi
849 452 1049 524 Pyrag-
1200 453 1402 507 fecerat
1435 455 1584 519 faber
1620 455 1700 508 illi

595 544 726 581 mon
1265 527 1573 596 Pyracmon

245 602 292 670 1,
314 602 397 670 17,
417 603 446 654 7
523 601 696 654 luxias
956 601 1191 654 luxorias
1582 602 1824 658 luxurias

244 677 290 744 1,
313 675 401 744 21,
418 675 450 727 3
528 691 712 727 seuere
1203 691 1391 727 serena

243 750 290 817 1,
307 749 377 801 27
522 747 852 817 permoueris
1202 748 1524 816 permoreris
1563 746 1846 819 (acrostich.

1257 819 1547 891 flaqitante)

243 896 290 963 1,
307 894 394 964 29,
411 895 446 947 2
523 894 790 947 adhaerue
1200 893 1490 947 adhaerere

241 970 288 1036 1,
305 968 392 1037 30,
410 967 445 1020 5
519 986 616 1036 per
1196 985 1404 1037 semper

239 1043 287 1110 1,
305 1041 391 1106 35,
399 1042 478 1094 21
521 1040 719 1094 Sancta
940 1038 1150 1094 Xancta
1565 1041 1749 1096 Xanta

241 1114 391 1184 135,
408 1115 480 1168 22
520 1115 671 1168 solua
1196 1114 1357 1189 >solus

240 1189 288 1257 1,
303 1189 390 1257 38,
410 1189 438 1240 1
518 1188 726 1242 recalca
1205 1189 1441 1242 recalces

241 1261 286 1330 1,
302 1262 391 1331 40,
408 1261 443 1314 5
521 1262 755 1314 surificia
1206 1261 1467 1315 sacrificia

239 1335 286 1404 1,
303 1335 479 1404 41,19
519 1353 617 1388 nec
649 1334 977 1403 opitulantes
1002 1331 1137 1406 (con-
1204 1335 1620 1404 recapitulantes

592 1413 674 1461 tra
712 1406 995 1478 acrostich.)

236 1482 286 1550 2,
307 1482 392 1551 13,
413 1482 440 1534 1
522 1485 776 1535 serenunt
1200 1477 1484 1549 secernunt

235 1555 286 1624 2,
307 1556 389 1624 18,
411 1555 475 1608 17
518 1555 856 1609 demonstras
941 1554 1263 1608 demonstris
1547 1556 1878 1611 demonstres

234 1671 522 1725 Praeterea
561 1671 625 1726 cf.
663 1670 690 1723 Ι
729 1671 816 1741 29,
855 1672 1000 1726 4-8
1040 1691 1180 1726 uarr.
1218 1673 1491 1727 lectiones

383 1744 650 1815 Sequitur,
686 1747 748 1798 ut
785 1763 957 1814 pauca
996 1746 1060 1799 de
1101 1746 1520 1800 correctionibus
1560 1747 1618 1799 in
1648 1747 1694 1799 B
1725 1747 1877 1800 insti-

232 1818 365 1871 tutis
418 1819 616 1889 dicam,
670 1837 895 1887 quarum
950 1837 1147 1890 genera
1187 1822 1314 1872 sunt
1364 1820 1483 1874 duo‚
1558 1819 1702 1874 Nam
1753 1838 1875 1874 cum

235 1892 467 1961 scriptor
498 1893 785 1961 primarius
816 1893 1104 1946 nonnullas
1136 1893 1411 1962 lectiones,
1443 1912 1575 1963 quas
1607 1894 1665 1946 in
1697 1894 1875 1948 arche-

231 1967 364 2034 typo
414 1966 802 2035 superscriptas
848 1967 936 2018 uel
980 1966 1039 2018 in
1083 1967 1382 2036 marginem
1428 1967 1695 2036 relegatas
1734 1968 1875 2037 lege-

230 2042 331 2107 rat,
370 2040 557 2092 eodem
595 2039 754 2092 modo
793 2039 1083 2108 rescripsit,
1121 2042 1182 2091 ut
1220 2040 1540 2108 exemplaris
1578 2040 1737 2092 fidem
1769 2058 1876 2094 ser-

231 2114 406 2180 uaret,
453 2115 571 2165 tum
619 2112 755 2165 alter
801 2114 1070 2166 corrector
1115 2112 1312 2164 multas
1362 2112 1655 2182 scripturas
1696 2130 1872 2166 emen-

233 2185 396 2254 dauit,
434 2185 536 2238 duo
578 2185 817 2240 carmina
854 2185 1031 2254 priore
1070 2203 1234 2237 manu
1272 2186 1329 2237 in
1365 2204 1532 2238 unum
1563 2186 1778 2238 redacta
1815 2187 1875 2239 in

234 2259 525 2327 pristinum
572 2258 814 2311 ordinem
862 2259 1060 2328 coegit,
1111 2276 1324 2311 carmen
1365 2256 1437 2328 (I,
1480 2258 1571 2329 18)
1613 2260 1870 2313 omissum

231 2332 288 2384 in
328 2334 564 2385 extremo
605 2331 785 2386 codice
825 2331 1049 2401 addidit3
1089 2332 1467 2400 comprehendi
1499 2333 1723 2385 alteram
1761 2352 1871 2385 ma-

230 2423 361 2458 num
401 2406 556 2476 signo
596 2403 666 2458 Β2
703 2407 790 2459 uel
828 2405 874 2458 B
915 2424 960 2458 a.
984 2424 1053 2457 m.
1113 2403 1303 2474 Neque
1344 2405 1566 2458 dubium
1605 2409 1703 2475 est,
1742 2407 1871 2476 quin

230 2479 482 2532 librarius
523 2479 670 2547 alter,
709 2479 800 2548 qui
841 2497 1055 2531 carmen
1093 2496 1218 2531 uere
1250 2497 1282 2530 a
1313 2476 1700 2532 Commodiano
1732 2497 1872 2532 com-

230 2553 469 2620 positum
510 2552 766 2621 attulerit,
807 2552 1040 2605 codicem
1082 2554 1175 2604 aut
1214 2551 1388 2604 denuo
1422 2570 1543 2604 cum
1576 2553 1869 2621 archetypo

230 2626 430 2694 prioris
470 2626 743 2694 scriptoris
783 2626 1069 2678 contulerit
1106 2625 1342 2693 illudque
1382 2642 1599 2678 carmen
1629 2624 1769 2678 forte
1802 2625 1870 2678 ad

232 2699 431 2752 calcem
469 2699 723 2751 reiectum
761 2699 1039 2767 invenerit,
1078 2700 1171 2750 aut
1202 2699 1369 2750 altero
1402 2698 1579 2751 codice
1611 2717 1740 2752 usus
1774 2699 1870 2768 sit-3

230 2772 410 2841 itaque
449 2773 681 2825 multum
720 2772 1058 2826 auctoritatis
1097 2770 1418 2824 lectionibus
1459 2771 1703 2824 secundis
1744 2769 1867 2842 (ΒΞ)

233 2845 578 2898 tribuendum
617 2849 712 2899 est.
788 2845 1050 2914 Exempla
1087 2844 1220 2897 haec
1260 2844 1483 2897 subieci:
