2010 3220
179 181 250 234 36
803 176 1195 224 COMMODIANI

178 343 223 387 II
258 347 311 387 12
345 339 398 387 0.·
844 358 859 381 v
929 339 1053 387 XIII.
1676 346 1734 386 54
1763 342 1818 388 R.

770 444 869 498 DE
909 442 1237 498 REFUGIS.

182 565 235 618 l)
268 568 609 619 amnatorum
649 563 860 616 animae
900 562 1092 615 merito
1133 579 1188 614 se
1226 563 1374 631 ipsae
1414 567 1709 616 secernunt.

181 638 229 692 E
265 659 299 691 x
337 639 440 692 hoc
477 639 794 707 protegente
832 636 1027 689 iterum
1067 635 1133 688 ad
1173 654 1269 689 sua
1306 640 1601 691 recurrunt.

179 784 234 839 R
268 785 390 839 adix
429 783 666 838 Oainaea
704 785 1048 839 maledictum
1090 803 1272 839 semen
1311 788 1541 856 erumpit

181 858 229 912 Ε
266 861 291 911 t
329 860 386 911 in
426 859 609 912 seruili
648 862 805 929 gente
846 859 944 912 sub
983 859 1214 912 barbaro
1252 877 1378 930 rege
1416 860 1637 931 refugit,

180 931 229 985 F
262 933 462 986 lamma
500 951 634 1002 quos
674 936 894 986 aeterna
929 932 1205 1002 torquebit
1243 933 1328 986 die
1367 933 1593 988 decretO.
1794 947 1819 989 5

182 1005 236 1059 U
268 1007 351 1058 ult
387 1024 560 1090 uagus
600 1024 775 1059 errare
816 1007 930 1059 sine
970 1006 1252 1076 disciplina
1289 1007 1573 1077 profugus»,

185 1075 236 1132 G
265 1081 463 1132 rassari
501 1098 597 1149 per
634 1080 815 1133 fauces
854 1080 1065 1133 uiarum
1102 1081 1222 1150 lege
1264 1081 1496 1134 solutus·

180 1152 216 1206 I
265 1154 336 1205 sti
375 1170 502 1223 ergo
540 1154 702 1223 tales,
742 1171 876 1224 quos
914 1155 1063 1207 nulla
1100 1172 1275 1239 poena
1313 1155 1512 1225 coegit,

73 1258 77 1261 ·
182 1223 224 1280 S
264 1227 283 1278 i
322 1226 486 1279 fidere
523 1228 740 1297 nolunt,
780 1227 847 1280 ab
887 1227 1045 1281 idolis
1083 1229 1265 1296 respui
1304 1228 1514 1283 debent

178 1414 225 1459 II
259 1419 311 1459 13
346 1414 397 1460 0.
870 1414 890 1449 xs
931 1416 1053 1461 XIV.
1675 1420 1732 1461 55
1763 1417 1817 1464 R.

669 1519 768 1573 DE
807 1519 1000 1574 LOLII
1040 1518 1267 1574 SEMIN
1269 1519 1331 1573 E.
1519 1510 1522 1512 ’

180 1635 233 1689 I)
266 1655 293 1689 e
334 1636 536 1689 semine
575 1637 711 1706 lolii,
752 1638 844 1706 qui
884 1639 1030 1690 stant
1067 1638 1125 1689 in
1162 1636 1407 1689 Ecclesia
1446 1638 1615 1690 mixti.

180 1709 229 1763 E
265 1710 457 1779 xpletis
496 1711 829 1779 temporibus
869 1711 1059 1789 messis
1100 1712 1378 1780 separatur
1417 1729 1449 1762 a
1485 1710 1665 1763 fructu

180 1855 227 1910 L
264 1857 429 1910 olium
468 1859 708 1926 enatum,
749 1855 891 1926 quod
929 1875 1040 1910 non
1078 1857 1300 1910 miserat
1337 1856 1499 1909 Deus

183 1928 227 1983 0
261 1948 385 1982 mne
423 1930 612 1983 lolium
652 1930 889 2000 agricola
927 1931 1210 1983 collectum
1249 1931 1462 1998 separat
1499 1928 1644 1982 illud.

181 2002 228 2056 L
264 2021 328 2055 ex
367 2021 497 2073 ager
532 2003 690 2056 nobis
730 2006 834 2073 est,
873 2004 964 2072 qui
1002 2004 1189 2056 fecerit
1225 2003 1428 2056 bonum
1467 2003 1523 2054 in
1561 2002 1679 2069 illa,
1792 2014 1818 2054 5

180 2076 216 2129 I
262 2095 361 2145 psa
398 2077 584 2146 utique
622 2076 779 2130 nobis
818 2079 1059 2144 praestat
1095 2076 1334 2144 requiem
1372 2094 1555 2127 ueram

182 2149 217 2202 I
262 2167 358 2219 pse
397 2149 739 2218 Dominator3
778 2167 906 2202 nam
944 2149 1133 2202 lolium
1173 2149 1296 2218 igne
1337 2150 1617 2201 crematur.

185 2293 226 2350 S
264 2297 284 2347 1
324 2313 450 2366 ergo
489 2296 696 2364 putatis
705 2337 719 2365 ,
758 2295 1013 2364 quoniam
1053 2294 1151 2347 sub
1189 2311 1296 2346 uno
1337 2296 1632 2361 morantur,

182 2368 231 2423 E
267 2370 449 2422 rratis:
489 2369 696 2421 steriles
736 2367 1075 2422 Christianos
1112 2385 1212 2420 uos
1253 2384 1369 2419 esse
1410 2366 1648 2436 designo.

182 2441 241 2495 M
270 2441 497 2494 aledicta
533 2442 640 2494 fuit
678 2441 837 2495 arbor
877 2442 989 2494 sine
1027 2441 1205 2494 fructu
1242 2440 1438 2492 ficulna
1760 2451 1813 2491 10

183 2515 219 2568 Ι
265 2534 303 2568 11
341 2515 507 2567 uerbo
547 2514 791 2583 Domini,
832 2517 886 2568 et
925 2514 1111 2568 statim
1150 2513 1356 2566 exaruit
1394 2513 1501 2565 illa.

183 2586 228 2643 N
266 2606 337 2641 on
376 2605 564 2656 operas
603 2587 805 2655 facitis,
845 2606 957 2640 non
995 2588 1192 2640 donum
1231 2585 1640 2655 gazophylacio:

184 2661 232 2714 E
267 2665 292 2714 t
330 2662 406 2715 sic
444 2661 734 2730 promereri
773 2661 1065 2714 Dominum
1103 2659 1308 2728 paratis
1347 2658 1573 2711 inanes}>

307 2810 376 2861 14,
410 2809 480 2850 11.
514 2809 590 2849 12:
636 2804 804 2849 Matth.
835 2809 907 2859 21,
943 2809 1010 2848 19.
