2010 3220
232 213 302 266 32
858 210 1250 257 OOMMODIANI

229 405 273 448 11
304 409 329 449 5
364 403 416 448 Ο.
1013 402 1090 447 VI.
1728 409 1784 450 47
1816 406 1871 452 R.

850 505 1254 560 FIDELIBUS.

229 641 276 694 F
311 641 475 694 ideles
518 639 802 708 admoneo,
841 638 1034 692 fratres
1074 639 1138 692 de
1179 639 1300 692 odio
1340 641 1558 694 tollant:

231 714 266 767 I
313 715 458 783 mpia
496 713 827 782 martyribus
869 712 991 766 odia
1030 715 1348 782 reputantur
1385 714 1442 766 in
1480 714 1683 783 ignem3

230 787 282 840 l)
318 788 577 841 estruitur
614 789 838 856 martyr,
878 787 1027 839 euius
1070 789 1152 838 est
1191 786 1455 839 confessio
1493 787 1641 855 talis,

229 860 276 914 E
311 861 487 930 xpiari
525 860 727 914 malum
764 877 864 913 nee
905 860 1168 930 sanguine
1206 859 1327 913 fuso
1369 859 1600 914 docetur.

232 933 278 987 L
316 953 380 987 ex
417 934 603 1004 iniquo
646 934 816 1002 datur,
855 936 916 986 ut
953 933 1129 1002 possit
1169 931 1285 986 sese
1324 933 1548 986 frenare.
1847 948 1873 989 5

229 1007 264 1060 I
308 1008 412 1060 nde
451 1008 595 1061 lotus
637 1007 794 1060 debet
833 1024 1044 1076 cauere,
1083 1006 1244 1060 debes
1285 1007 1529 1060 similiter
1567 1010 1626 1060 ut
1664 1011 1739 1062 tu.

230 1080 280 1134 B
312 1082 358 1133 is
399 1080 515 1134 Deo
553 1099 767 1150 peccas),
808 1080 900 1151 qui
937 1081 1058 1133 lites
1096 1080 1255 1133 fratri
1292 1081 1584 1150 protendis.

230 1153 283 1207 U
313 1154 417 1207 nde
456 1173 570 1208 non
610 1154 831 1224 effugies
872 1156 1151 1223 peecatum
1189 1154 1361 1223 prisce
1403 1157 1628 1207 sectans,

233 1225 272 1281 S
314 1229 450 1280 emel
489 1246 545 1281 es
584 1229 725 1281 lotus
735 1270 749 1296 ,
780 1227 1028 1297 ‚nunquid
1065 1228 1266 1296 poteris
1307 1227 1480 1280 denuo
1521 1229 1730 1299 mergi?

229 1503 273 1547 11
306 1509 331 1549 6
365 1503 416 1549 Ο.
998 1503 1098 1548 VII.
1221 1515 1226 1517 “
1730 1509 1786 1550 48
1818 1505 1871 1548 R.

572 1606 882 1661 FIDELES
923 1606 1216 1661 OAVETE
1256 1607 1540 1663 MALUM.

233 1739 279 1793 F
315 1741 551 1793 alluntur
589 1741 834 1793 uolucres
874 1743 928 1792 et
967 1739 1224 1792 siluarum
1261 1739 1463 1792 bestiae
1502 1740 1658 1794 cibis:

231 1814 266 1867 I
313 1817 371 1867 ta
402 1814 699 1883 incantant,
737 1815 949 1866 uestrae
984 1813 1176 1883 quibus
1216 1816 1343 1866 sunt
1380 1813 1608 1867 traditae
1649 1816 1873 1883 menime,

230 1886 283 1940 D
318 1887 658 1957 eeipiuntque
698 1887 922 1955 stropha
959 1890 1190 1956 uestras,
1227 1889 1289 1939 ut
1327 1904 1503 1940 eseam
1543 1890 1837 1957 sequentes,

231 1961 278 2014 Ε
314 1963 339 2013 t
376 1962 550 2014 uitare
590 1961 793 2013 malum
831 1960 1079 2013 nesciunt
1115 1978 1215 2013 nee
1252 1961 1371 2030 lege
1410 1963 1676 2014 tenentur.

231 2033 277 2086 L
313 2052 378 2086 ex
416 2034 627 2088 homini
666 2033 792 2086 data
832 2036 915 2086 est
953 2036 1007 2085 et
1045 2033 1288 2086 doctrina
1326 2034 1469 2087 uitae
1509 2034 1762 2104 legenda,
1845 2047 1870 2087 5

231 2107 278 2161 Ε
313 2126 348 2159 x
388 2125 494 2176 qua
530 2107 854 2176 recordatur,
893 2109 954 2158 ut
990 2106 1165 2174 possit
1202 2106 1384 2158 uiuere
1425 2110 1577 2160 caute

234 2177 273 2234 S
313 2181 369 2233 ui
409 2198 619 2249 quoque
658 2180 858 2245 locum,
897 2180 1084 2232 mortis
1125 2182 1179 2232 et
1217 2180 1438 2249 deroget
1470 2198 1533 2233 ea
1565 2198 1699 2250 quae
1732 2182 1872 2234 sunt.

234 2325 274 2380 G
313 2326 606 2380 ondemnat
645 2345 702 2379 se
740 2326 918 2396 ipsum
958 2326 1195 2395 grauiter
1233 2326 1324 2394 qui
1362 2327 1478 2396 regi
1518 2325 1813 2396 delinquet,

233 2397 284 2452 A
315 2403 377 2453 ut
414 2400 555 2453 ferro
595 2400 796 2470 ligatus
838 2402 932 2453 aut
971 2399 1034 2452 de
1074 2417 1170 2452 suo
1210 2399 1380 2469 gradu
1418 2400 1652 2453 deiectus

232 2471 283 2525 V
315 2473 365 2525 el
405 2473 518 2525 uita
554 2473 798 2541 priuatus
836 2473 1034 2543 perdit,
1073 2473 1211 2542 quod
1249 2471 1356 2525 frui
1395 2473 1633 2526 deberet:
1816 2486 1869 2526 10

231 2545 280 2598 Ε
315 2547 527 2614 xemplo
566 2546 761 2599 moniti
800 2547 1040 2617 grauiter
1077 2563 1296 2615 peecare
1335 2547 1518 2615 nolite,

236 2617 284 2670 T
315 2619 543 2672 ranslati
581 2619 798 2672 lauacro
837 2621 1011 2690 magis
1051 2619 1330 2672 caritatem
1368 2619 1576 2687 habete,

233 2691 280 2744 E
315 2695 339 2744 t
379 2710 553 2746 eseam
593 2693 902 2762 muscipuli,
940 2693 1034 2746 ubi
1073 2711 1218 2746 mors
1258 2695 1360 2761 est,
1398 2693 1558 2762 longe
1597 2692 1779 2744 uitate.

352 2841 393 2891 e,
425 2841 473 2880 4:
505 2836 645 2881 Hebr.
681 2841 749 2893 ιο,
782 2841 823 2882 4.
857 2862 911 2869 —
946 2841 997 2882 5:
1031 2838 1051 2880 1
1083 2836 1202 2881 Tim.
1239 2842 1278 2892 1,
1310 2841 1351 2881 9.
1415 2837 1503 2881 Iac.
1537 2841 1578 2892 3,
1611 2841 1652 2880 2.
