2010 3220
261 172 430 217 LXXII
894 168 1254 214 PRAEFATIO.

262 310 459 362 ueritus
481 306 546 358 A.
571 335 640 344 --
670 325 715 358 u.
741 304 789 358 6.
818 305 1065 372 praedixi
1101 305 1304 372 quidem
1344 302 1473 372 edd.,
1501 292 1726 372 praedite
1754 306 1898 373 qdem

265 382 380 435 AB.
426 410 487 417 —
531 399 580 433 u.
623 380 669 431 7.
715 378 1044 431 Blandiendo
1082 377 1149 445 L,
1194 378 1557 431 blandiendum
1594 376 1718 448 AB,
1763 379 1904 433 blam-

266 457 411 510 diens
456 455 581 507 dum
627 453 741 505 edd.
785 481 847 489 —
898 453 1016 505 aeui
1058 452 1287 504 seductor
1324 450 1389 521 L,
1443 451 1589 505 euehe
1625 453 1801 506 ductor
1837 452 1904 522 A,

269 530 417 583 euche
440 525 566 596 (uel
597 523 764 596 euehe)
803 526 980 579 ductor
1017 523 1080 590 B,
1118 524 1252 589 eheu,
1288 526 1516 580 seductor
1554 526 1668 580 edd.
1692 556 1763 565 -
1787 545 1838 579 ιι.
1856 526 1906 580 8.

268 603 473 657 nescitis
509 602 575 655 A.
610 630 674 638 -
719 600 894 666 laqueo
923 600 1054 652 iuste
1083 597 1142 668 L,
1181 599 1390 667 lamqueo
1431 604 1588 654 castae
1623 599 1690 668 A,
1729 601 1906 668 laqueo
1947 610 1952 616 “
1984 665 1990 668 .

272 681 431 730 metae
467 675 529 744 B,
570 671 842 744 (nescistis)
882 673 1084 741 laqueos
1119 674 1328 742 instare,
1363 691 1407 726 r.
1446 674 1583 745 edd.,
1620 674 1784 728 forte:
1821 690 1906 727 ne-

269 751 436 804 scistis
467 750 704 816 laqueum
733 751 871 800 stare
903 745 997 816 (=
1022 745 1177 816 esse),
1213 763 1255 799 r.
1281 778 1352 784 —-
1390 767 1442 800 u.
1465 748 1514 800 9.
1552 748 1755 801 sorbitis
1792 746 1908 816 AB,

273 823 337 877 ef.
378 823 559 892 sorbo,
607 820 808 891 sorpsit
850 821 903 890 1,
940 821 998 889 4,
1040 822 1094 890 73
1146 819 1351 902 sorbetis
1400 820 1515 873 edd.
1569 852 1630 858 —
1685 838 1910 874 auarum

270 942 506 995 animum
541 938 733 994 saeculi
769 938 835 1007 L,
885 940 1130 991 auarand
1163 937 1255 992 sed
1289 937 1436 1009 (AB)
1474 940 1630 993 seculi
1666 937 1764 1010 (A,
1800 906 1909 993 sag-

271 1017 374 1069 culi
411 1013 499 1084 B),
546 1030 752 1077 amara,
789 1014 879 1066 sed
913 1016 986 1066 est
1019 1013 1211 1065 saeculi
1249 1012 1363 1065 edd.
1407 1043 1470 1052 —
1513 1032 1563 1067 u.
1605 1014 1687 1066 12.
1733 1013 1911 1080 repetit

269 1089 384 1156 AB,
423 1088 555 1156 petit
590 1086 705 1140 edd.
750 1116 812 1124 —
869 1086 1159 1154 suppetium
1196 1086 1246 1138 A
1285 1086 1423 1155 edd.,
1476 1088 1806 1155 suppetitium
1842 1085 1903 1139 Β.

276 1237 340 1245 -
375 1161 445 1260 ξικξ
473 1203 537 1257 Β.
581 1233 643 1240 -
686 1222 738 1255 ιι,
780 1204 862 1256 13.
899 1203 1167 1256 horcscunt
1202 1204 1267 1256 A.
1313 1234 1374 1242 —
1418 1223 1468 1256 ιι.
1503 1205 1586 1258 14.
1624 1203 1723 1256 ΑΒ
1755 1223 1909 1274 prae-

273 1281 407 1333 bent
443 1296 608 1331 unam
655 1275 698 1330 S
733 1277 969 1329 litteram
1007 1277 1061 1327 in
1102 1294 1272 1346 marg.
1309 1295 1441 1331 uoce
1480 1279 1711 1344 des[init]
1753 1279 1913 1331 ascri·

271 1357 383 1424 pta.
426 1382 488 1390 —-
531 1370 582 1403 ιι.
611 1350 693 1404 15.
735 1355 844 1403 mut
864 1350 929 1419 A,
971 1349 1089 1403 ucub
1113 1349 1176 1418 B,
1212 1352 1270 1403 in
1307 1351 1451 1406 uobis
1487 1351 1546 1420 L,
1584 1353 1729 1405 uobis
1767 1352 1910 1404 enim

273 1428 330 1479 in
367 1425 466 1479 AB
508 1442 664 1492 saepe
704 1423 1022 1492 compendio
1063 1425 1313 1476 scribitur
1349 1429 1410 1478 ut
1446 1423 1544 1496 (A)
1584 1425 1652 1478 ub
1692 1423 1801 1495 (B).
1844 1455 1907 1463 —

272 1503 540 1553 inararem
579 1495 637 1567 (i.
678 1515 720 1550 e.
760 1497 1063 1564 scriberem,
1102 1496 1168 1550 ef.
1210 1498 1360 1567 1‚37,
1379 1497 1472 1569 16)
1510 1497 1609 1551 AB
1650 1499 1780 1566 edd.,
1821 1498 1914 1551 sed

274 1575 333 1626 in
372 1590 561 1626 comm.
601 1570 751 1624 Oehl.
790 1587 1088 1623 enarrarem
1124 1573 1419 1639 proposuit.
1446 1603 1509 1611 -
1551 1592 1602 1625 u.
1631 1573 1714 1626 16.
1752 1574 1916 1626 dicen-

277 1651 348 1702 tes
386 1645 502 1714 AB,
538 1645 714 1698 docent
750 1644 866 1697 edd.
910 1673 972 1680 —
1017 1644 1277 1697 ostenditis
1315 1643 1429 1713 AB,
1467 1647 1672 1699 tenditis
1710 1646 1825 1698 edd.
1844 1676 1914 1683 —

442 1717 557 1771 AB.
603 1749 675 1754 -—-
726 1721 889 1769 terrae
929 1734 980 1783 p.
1023 1719 1363 1782 fundamenta
1409 1716 1465 1788 (i.
1505 1737 1546 1771 e.
1587 1718 1915 1789 gehennam)

271 1796 478 1863 paratis
515 1791 629 1860 AB,
667 1795 700 1843 t.
728 1808 787 1858 p.
822 1791 863 1856 f.
900 1791 1113 1844 intratis
1151 1791 1265 1843 edd.
1925 1837 1927 1839 ,

425 1867 495 1937 Π,
520 1866 608 1919 30.
645 1864 930 1932 Infirmum
966 1865 1039 1918 sic
1074 1865 1247 1917 uisita.
1275 1894 1340 1902 —
1367 1883 1418 1918 u.
1442 1866 1491 1918 3.
1519 1884 1619 1934 per
1647 1882 1918 1920 nummum

281 1941 420 2010 edd.,
467 1940 530 1994 ef.
570 1959 620 1992 ιι.
660 1939 716 2008 83
762 1954 859 2006 per
886 1939 1124 2004 primum
1160 1937 1233 2007 A,
1274 1940 1511 2006 primum
1549 1939 1611 1993 B.
1663 1972 1725 1979 —-
1776 1961 1827 1996 ιι.
1865 1943 1918 1995 4.

282 2015 567 2068 conciderat
601 2012 669 2081 L,
717 2011 1003 2064 considerat
1039 2009 1158 2079 AB,
1208 2013 1480 2065 conciderit
1516 2013 1630 2066 edd.
1668 2045 1741 2054 —
1779 2035 1829 2067 u.
1869 2016 1918 2068 6.

281 2104 493 2142 mercem
537 2087 619 2139 det
659 2084 703 2137 L
749 2082 842 2154 (cf.
879 2082 1053 2137 Oarm.
1092 2083 1254 2151 Apol.
1292 2084 1449 2154 919),
1502 2089 1773 2141 mercedem
1819 2087 1917 2140 AB

283 2161 398 2217 edd.
427 2190 488 2199 —-
533 2159 626 2212 tibi
652 2173 754 2226 pro
790 2157 903 2221 illc,
940 2158 1028 2211 sed
1062 2156 1121 2227 L,
1159 2157 1264 2225 tibi,
1292 2175 1349 2224 Ρ.
1371 2159 1405 2211 i.
1428 2176 1466 2212 s.
1507 2159 1622 2214 edd.
1664 2191 1727 2198 —
1770 2166 1920 2215 autor

283 2281 348 2349 A,
386 2237 459 2330 {2⁰50
498 2277 560 2329 B.
601 2307 670 2314 —
710 2296 759 2330 u.
802 2277 848 2329 7.
877 2277 1077 2344 piyeret
1112 2275 1226 2328 edd.
1267 2273 1355 2345 (cf.
1398 2274 1562 2329 sirac.
1604 2278 1650 2344 7,
1676 2278 1770 2330 39:
1808 2296 1919 2331 non

284 2358 340 2406 te
379 2354 564 2422 pigeat
601 2350 823 2402 uisitare
860 2349 1155 2417 infirmum,
1191 2347 1402 2419 Vulg.);
1429 2355 1661 2417 peryeret
1696 2349 1809 2404 AB.
1847 2382 1920 2389 —-

285 2428 495 2481 abosum
517 2422 663 2493 edd.,
701 2424 917 2477 abusum
953 2421 1067 2475 AB.
1111 2452 1174 2460 -
1217 2441 1266 2474 u.
1306 2423 1354 2475 8.
1392 2440 1574 2476 numos
1610 2422 1724 2475 AB.
1768 2454 1831 2461 —
1873 2427 1919 2477 ei

290 2500 412 2568 AB,
451 2502 499 2551 et
536 2495 649 2550 edd.
694 2527 755 2534 —
798 2513 1047 2550 resumere
1083 2494 1129 2547 B
1171 2495 1301 2563 edd.,
1337 2512 1533 2549 resume
1569 2497 1633 2549 A.
1677 2527 1738 2534 ——
1782 2516 1831 2550 ιι.
1871 2498 1920 2551 9.

282 2575 415 2641 foret
450 2570 565 2639 AB,
603 2587 748 2624 soror
778 2570 892 2622 edd.
935 2600 1002 2606 —
1045 2570 1163 2622 lecto
1188 2568 1318 2637 edd.,
1356 2568 1486 2622 laeto
1509 2570 1574 2622 A.
1619 2600 1680 2607 —
1722 2571 1917 2623 decum—

286 2649 363 2701 bet
398 2646 469 2715 B,
522 2644 784 2699 decumbat
820 2643 884 2695 A.
929 2673 990 2680 —
1042 2661 1091 2695 u.
1135 2642 1218 2695 10.
1269 2643 1495 2695 uitualia
1533 2641 1594 2694 B.
1639 2673 1701 2680 —
1743 2661 1792 2695 ιι.
1837 2645 1918 2696 14.

285 2722 502 2788 satayit:
548 2735 654 2771 non
691 2715 838 2786 (AB)
877 2717 1060 2769 uerbus
1098 2714 1195 2783 (A,
1232 2715 1400 2768 uerbis
1437 2714 1528 2786 B);
1565 2717 1780 2784 satayite
1815 2733 1919 2769 non

287 2795 480 2857 uerbis,·
521 2791 635 2844 edd.
678 2820 741 2828 —
792 2791 879 2843 sed
914 2806 1052 2842 esum
1091 2787 1213 2854 AB,
1259 2805 1398 2841 esum
1439 2790 1554 2842 edd.
1595 2818 1663 2827 -—
1710 2789 1800 2841 ille
1838 2807 1916 2841 re—
