2010 3220
726 198 1086 246 PRAEFATIO.
1598 202 1724 246 LVII

0 342 2 344 ·
92 347 155 356 —
199 337 250 371 11.
278 318 361 372 15.
399 320 573 386 oupire
608 318 722 387 AB,
761 336 937 386 cupere
975 319 1090 371 edd.
1131 349 1199 357 —-
1241 322 1550 388 martyrium
1587 320 1725 391 Rig„

85 393 329 460 martyrii
367 391 465 444 AB
489 391 625 445 Dau.
651 391 816 461 Oehl„
856 392 949 445 sed
988 392 1053 445 cf.
1092 393 1280 447 Kaelb.
1320 394 1445 447 dise.
1484 413 1534 463 p.
1556 395 1722 447 13.—

2 488 5 490 ·
86 485 136 518 ιι.
178 466 261 519 16.
323 466 618 531 refraenare
676 464 774 518 AB
830 466 944 518 edd.
999 496 1069 504 -
1139 467 1343 521 reddere
1394 469 1535 521 debes
1591 468 1723 536 edd,

85 540 234 593 redde
270 539 402 592 deles
438 538 551 592 AB.
591 570 661 578 —
701 540 1112 605 n.17.faetum
1151 541 1212 594 Β.
1254 571 1318 579 -
1362 561 1409 594 ιι.
1447 542 1530 595 18.
1554 542 1727 656 3Mens

85 655 222 710 Dau.
261 655 428 726 06111.,
465 673 611 710 mons
649 655 748 709 AB
779 656 904 728 Rig.
942 688 1016 695 —
1051 658 1213 742 fuerit
1250 658 1378 726 edd„
1414 659 1576 725 fuerit
1611 658 1725 712 AB.

87 730 404 799 —intelliye
427 728 524 783 AB
550 729 666 784 edd.
708 760 773 768 —
817 675 890 800 teg
915 731 1056 801 quod
1093 733 1150 785 in
1188 731 1287 784 AB
1327 751 1489 801 supra
1526 732 1726 785 lineam

87 804 346 872 scriptum
386 807 483 873 est,
520 804 720 857 deleuit
756 803 941 865 Kaelb.

233 920 304 990 II,
331 922 379 975 8.
418 921 816 976 Paenitentibus.
845 952 914 961 —
953 942 1005 975 ιι.
1020 923 1071 975 4.
1109 923 1340 989 confusio
1373 921 1430 993 (i.
1455 940 1497 976 6.
1528 923 1725 992 pudor)

798 994 1016 1048 confessio

0 1039 17 1051 ’
84 1056 229 1107 recte
267 1055 506 1107 restituit
543 1053 745 1124 Kaelb.,
795 1055 1024 1121 confusio
1061 1053 1176 1123 AB,
1214 1055 1458 1121 confessio
1496 1054 1613 1108 edd.
1654 1085 1725 1092 —-

85 1129 262 1196 culpae
299 1127 345 1180 B
386 1127 514 1195 edd„
553 1128 704 1196 culpa
740 1126 806 1180 A.
850 1157 914 1166 —-
945 1129 1164 1196 perinde
1200 1127 1297 1180 AB
1337 1128 1474 1198 Rig„
1503 1129 1726 1196 proinde

3 1258 13 1275 ἶ
86 1200 235 1255 06111.
278 1230 342 1239 -—
386 1220 437 1254 ιι.
475 1201 524 1254 5.
562 1201 641 1254 In
672 1205 821 1254 reatu
859 1202 989 1271 edd,
1026 1202 1099 1255 In
1132 1201 1307 1267 freatu
1346 1202 1524 1270 spatio
1563 1202 1726 1254 inter-

1535 1274 1667 1317 sedde

1 1304 13 1398 f*
88 1319 255 1373 misso
280 1318 346 1382 A,
383 1319 456 1372 In
478 1323 627 1372 reatu
651 1317 761 1389 (uel
781 1317 978 1390 freatu)
1002 1318 1063 1372 B.
1091 1350 1152 1357 —
1196 1321 1330 1373 disee
1368 1319 1498 1388 edd„
1535 1320 1731 1372 discede

283 1391 406 1434 disce

4 1412 7 1480 J
85 1451 158 1520 A,
195 1452 343 1505 sedde
416 1451 485 1520 B,
523 1451 665 1505 debes
701 1451 891 1506 Kaelb.
930 1481 1000 1490 —
1040 1452 1311 1519 manifesto
1349 1451 1408 1519 L,
1447 1452 1727 1518 manifesta

2 1527 10 1589 g
83 1524 204 1594 ΑΒ,
253 1525 523 1592 manifeste
561 1524 676 1578 edd.
719 1555 783 1563 —
825 1544 876 1579 u.
915 1526 964 1578 6.
1017 1526 1135 1579 Alli
1171 1525 1482 1578 medicamen
1520 1524 1725 1593 Kaelb.,

2 1595 16 1649 ὲ

85 1597 244 1641 sabam

85 1658 250 1711 altum
286 1658 630 1726 medicumque
673 1657 795 1728 AB,
854 1658 1063 1712 herbam
1102 1656 1313 1728 (Altum
1351 1655 1524 1727 Oehl.)
1562 1658 1721 1709 medi-

10 1751 13 1754 ·
85 1749 295 1799 eumque
333 1730 447 1784 edd.
490 1761 552 1769 —
596 1750 647 1784 u.
689 1733 736 1785 7.
791 1737 901 1785 tum
939 1732 1108 1801 0eh1.‚
1145 1736 1316 1784 tamen
1353 1730 1451 1783 AB
1490 1730 1611 1801 Rig.
1653 1760 1724 1768 —-

84 1825 136 1858 ιι.
175 1807 224 1858 9.
273 1804 540 1859 Terrorem
575 1806 668 1872 qui
702 1806 954 1874 inqentem
990 1807 1127 1859 sensi
1162 1806 1270 1872 ipse
1305 1805 1490 1858 ruinae
1526 1803 1586 1872 L,
1627 1807 1724 1856 ter-

87 1925 350 1975 roremque
389 1905 673 1974 linquendd
697 1909 910 1962 sensisse
948 1905 1094 1978 (AB)
1131 1909 1341 1967 ruinam
1382 1905 1478 1975 (A,
1525 1879 1728 1959 minam

86 1981 183 2052 Β),
238 1985 572 2048 terroremque
625 1981 971 2049 linquendum.
1053 1982 1192 2035 sensi
1239 1982 1345 2048 ipse
1393 1980 1727 2050 (linquentem

8 2098 9 2101 η
86 2055 302 2109 sensisse
333 2052 507 2123 Oehl.)
546 2055 758 2108 ruinam
797 2055 912 2108 edd.
941 2086 1002 2093 —
1039 2074 1088 2108 ιι.
1117 2055 1199 2108 10.
1237 2054 1539 2107 uulneratus·
1576 2051 1730 2104 Pitra,

89 2127 228 2198 Spin.
266 2127 295 2181 I
332 2127 500 2197 praef.
539 2146 589 2197 p.
613 2126 815 2182 XVIII.
843 2159 906 2167 —
950 2149 1000 2182 ιι.
1030 2130 1111 2181 11.
1151 2145 1442 2195 comamque
1481 2126 1611 2195 edd„
1649 2143 1726 2179 eo·

14 2255 16 2258 .
87 2220 228 2255 mam
266 2201 379 2255 AB.
420 2231 490 2239 —
529 2221 578 2255 u.
622 2203 705 2254 12.
755 2203 1077 2270 uolutarique
1112 2203 1273 2256 saccis
1311 2200 1440 2270 edd„
1493 2201 1730 2253 uolutare

9 2293 19 2326 ·;
87 2277 177 2343 qui
214 2274 303 2345 (A,
341 2293 373 2342 q
399 2273 471 2346 B)
510 2277 637 2329 satis
674 2274 789 2329 ΑΒ.
829 2307 898 2314 -
938 2296 988 2330 ιι.
1031 2277 1115 2329 13.
1152 2275 1418 2329 subuenies
1455 2272 1577 2342 AB,
1612 2273 1728 2326 sub—

86 2350 256 2403 ueniet
293 2349 409 2403 edd.

236 2465 309 2535 II,
345 2466 396 2520 9.
459 2465 562 2532 Qui
606 2451 1029 2534 apostatauerunt
1071 2465 1198 2520 Deo.
1250 2496 1311 2506 -—
1363 2467 1732 2535 apostauerunt

14 2504 19 2620 Ξ
89 2539 140 2593 A
162 2539 286 2610 Rig.
322 2571 384 2578 —
428 2559 479 2593 ιι.
507 2540 553 2592 1.
586 2542 799 2608 qeritur,
839 2542 1035 2609 inrigat
1069 2540 1240 2604 hosti-3,
1280 2539 1345 2593 ef.
1383 2537 1728 2591 transfluuiat

10 2627 22 2659 ἑ
88 2613 263 2666 hostis
294 2618 347 2666 ιι.
373 2613 456 2682 10,
487 2613 724 2667 duellum
754 2614 928 2669 hostis
960 2613 1227 2666 inundans
1260 2611 1728 2682 2‚10,1-,9eritur

14 2700 34 2737 2⁷
89 2685 291 2729 imminet
319 2685 498 2741 inqruit

90 2746 288 2814 inriqat
329 2745 488 2799 hostis
532 2744 655 2815 AB,
710 2748 907 2814 qeritur
943 2750 1038 2799 aut
1072 2745 1271 2814 ingruit
1306 2743 1463 2798 hostis
1500 2741 1614 2794 edd.
1658 2769 1719 2778 -

89 2837 140 2870 u.
164 2819 214 2872 2.
252 2836 318 2872 m.
358 2823 578 2887 tropaea,
616 2820 785 2874 intell.
826 2822 999 2873 erunt
1041 2848 1102 2856 ——
1144 2837 1194 2871 u.
1219 2818 1268 2870 3.
1306 2816 1492 2882 infelix
1528 2813 1727 2882 Aedd„
