2010 3220
269 206 302 257 8
895 204 1288 250 COMMODIANI

1036 323 1136 367 XII.

648 427 868 480 LIBER
907 426 1152 479 PATER
1189 426 1539 482 BAOOHUS.

267 543 313 597 L
347 546 556 598 iberum
594 547 802 614 patrem
843 547 984 597 certe
1022 544 1106 597 bis
1145 545 1386 614 genitum
1427 545 1600 599 dicitis
1640 547 1760 615 ipsi.

268 618 302 671 I
348 637 383 671 n
421 619 579 671 India
616 620 777 670 natus
818 636 882 670 ex
920 617 1048 671 Ioue
1089 621 1143 671 et
1179 617 1500 687 Proserpina
1538 621 1788 689 primum,

267 691 316 745 B
351 692 636 761 elligerans
677 693 865 744 eontra
904 691 1124 745 Titanes
1163 691 1384 760 profuso
1425 710 1610 746 cruore

269 765 315 818 E
350 766 614 834 xspirauit
652 765 796 818 enim
836 765 974 818 sieut
1013 783 1077 817 ex
1114 765 1434 818 mortalibus
1473 784 1625 820 unus.
1844 808 1846 810 .

266 838 318 891 R
349 857 507 892 ursus
545 839 661 892 fato
702 857 798 892 suo
836 838 1074 892 redditus
1112 839 1172 892 in
1211 839 1380 892 altero
1418 841 1636 910 uentre;
1879 853 1909 892 5

266 985 315 1038 P
348 985 718 1054 ereipithhunc
758 984 965 1038 Semele
1003 985 1199 1037 iterum
1237 985 1384 1038 Iouis
1425 986 1594 1039 altera
1634 986 1876 1056 moecha,

267 1057 317 1112 A
348 1059 555 1112 bsoisso
597 1059 749 1112 cuius
788 1061 939 1111 utero
978 1077 1145 1128 prope
1184 1061 1343 1127 partu
1381 1059 1682 1129 defunctae,

269 1131 316 1185 Τ
348 1133 534 1185 ollitur
572 1135 626 1185 et
665 1133 823 1185 datur
860 1130 995 1186 Niso
1034 1133 1351 1185 nutriendus
1392 1133 1654 1187 alumnus,

265 1205 312 1258 Ε
348 1225 382 1258 x
422 1223 484 1259 eo
523 1206 607 1259 bis
647 1208 807 1258 natus
845 1204 1116 1275 Dionysus
1154 1206 1247 1258 ille
1285 1211 1522 1274 uocatur,

266 1278 319 1331 R
350 1279 513 1350 eligio
555 1279 705 1332 cuius
743 1280 802 1332 in
833 1278 1046 1332 Baccho
1084 1279 1225 1331 falsa
1263 1282 1491 1332 curatur.
1851 1294 1909 1334 10

265 1425 316 1479 B
351 1426 645 1480 acchantur
683 1429 738 1479 et
774 1426 875 1495 illi,
916 1426 1098 1495 qualia
1134 1444 1277 1479 nune
1315 1427 1421 1495 ipsi
1459 1426 1725 1496 uidentur,

264 1498 315 1553 A
345 1503 407 1553 ut
443 1499 561 1553 heri
599 1501 836 1569 ealoneS,
875 1500 1026 1552 mimi
1064 1500 1366 1570 Eronisque
1407 1503 1614 1553 tutores

268 1572 308 1626 C
347 1574 634 1642 onspirant
670 1574 728 1626 in
766 1574 932 1641 malo,
969 1573 1261 1642 proludunt
1298 1574 1424 1626 ficto
1463 1573 1656 1642 furore,

270 1645 310 1700 C
348 1649 521 1699 eteros
561 1650 622 1700 ut
658 1646 854 1699 fallant
893 1646 1127 1699 dicturos
1165 1664 1364 1699 numen
1404 1647 1604 1700 adesse.

264 1719 323 1772 Η
346 1721 433 1774 ino
471 1720 756 1773 manifeste
788 1720 938 1772 uides
969 1720 1214 1773 homines
1248 1721 1322 1773 sio
1354 1720 1503 1772 mille
1533 1722 1826 1790 uincenteS‚
1851 1734 1908 1773 15

266 1792 317 1846 U
346 1794 437 1847 ino
477 1794 793 1863 permutati,
829 1793 1035 1862 primus
1075 1793 1217 1863 quod
1256 1797 1591 1862 expresserat
1628 1795 1741 1846 ille:

271 1863 310 1920 S
349 1868 421 1920 ub
461 1867 665 1920 ludicro
708 1885 803 1920 suo
843 1867 1101 1920 honorem
1140 1867 1220 1919 illi
1259 1867 1502 1920 debuere.

1026 2084 1149 2131 xm.

906 2187 1268 2242 INVIOTUS.

265 2305 299 2359 I
344 2306 556 2360 nuietus
597 2306 660 2359 de
698 2309 853 2375 petra
891 2309 1051 2359 natus
1092 2306 1138 2359 si
1177 2306 1304 2359 deus
1343 2305 1586 2375 habetur,

265 2378 312 2431 N
347 2397 450 2432 une
490 2397 618 2449 ergo
657 2383 870 2432 terreno
910 2398 1007 2433 uos
1049 2379 1293 2432 dedistis:
1335 2378 1454 2431 date
1493 2380 1679 2448 priori!

265 2451 315 2504 V
346 2452 441 2505 icit
478 2456 635 2521 petra
673 2452 852 2522 deum,
891 2453 1220 2522 quaerendus
1262 2455 1345 2505 est
1382 2456 1565 2522 petrae
1606 2457 1828 2507 creator.

264 2525 298 2578 I
343 2543 542 2595 nsuper
580 2530 634 2578 et
670 2526 843 2578 furem
884 2526 1055 2579 adhue
1095 2525 1384 2594 depingitis
1425 2544 1554 2595 esse,

267 2597 307 2651 C
344 2617 457 2667 um,
497 2599 543 2651 si
583 2599 710 2651 deus
753 2603 891 2652 esset
929 2618 1191 2669 unquam,
1229 2617 1336 2651 non
1375 2599 1517 2652 furto
1557 2599 1790 2655 uiuebat.
1874 2613 1903 2652 5

268 2671 315 2724 T
351 2689 569 2725 errenus
608 2673 794 2741 utique
832 2673 935 2725 fuit
973 2676 1027 2724 et
1065 2673 1427 2726 monstriuora
1465 2676 1679 2742 natura,

264 2743 315 2797 U
348 2746 658 2814 ertebatque
696 2746 862 2798 boues
903 2746 1104 2798 alienos
1144 2763 1352 2813 semper
1389 2747 1447 2798 in
1486 2747 1672 2816 antriS,

267 2815 305 2870 S
344 2819 456 2871 ieut
495 2822 547 2871 et
586 2817 757 2872 Cacus
791 2818 1020 2872 Vulcani
1059 2819 1199 2870 filius
1238 2819 1369 2872 illle.
