<?xml version="1.0" encoding="UTF-8"?>
<!DOCTYPE html PUBLIC "-//W3C//DTD XHTML 1.0 Transitional//EN"
    "http://www.w3.org/TR/xhtml1/DTD/xhtml1-transitional.dtd">
<html xmlns="http://www.w3.org/1999/xhtml" xml:lang="en" lang="en">
 <head>
  <title>
</title>
<meta http-equiv="Content-Type" content="text/html;charset=utf-8" />
  <meta name='ocr-system' content='tesseract 3.04.00' />
  <meta name='ocr-capabilities' content='ocr_page ocr_carea ocr_par ocr_line ocrx_word'/>
</head>
<body>
  <div class='ocr_page' id='page_1' title='image "./carminalud01commuoft_0060.png"; bbox 0 0 2010 3220; ppageno 0'>
   <div class='ocr_carea' id='block_1_1' title="bbox 249 184 1245 231">
    <p class='ocr_par' dir='ltr' id='par_1_1' title="bbox 249 184 1245 231">
     <span class='ocr_line' id='line_1_1' title="bbox 249 184 1245 231; baseline 0 0"><span class='ocrx_word' id='word_1_1' title='bbox 249 188 398 231; x_wconf 89' lang='lat' dir='ltr'><strong>LVIII</strong></span> <span class='ocrx_word' id='word_1_2' title='bbox 885 184 1245 231; x_wconf 84' lang='lat' dir='ltr'>PRAEFATIO.</span> 
     </span>
    </p>
   </div>
   <div class='ocr_carea' id='block_1_2' title="bbox 239 304 1890 656">
    <p class='ocr_par' dir='ltr' id='par_1_2' title="bbox 239 304 1890 656">
     <span class='ocr_line' id='line_1_2' title="bbox 906 304 1003 348; baseline 0.01 -1"><span class='ocrx_word' id='word_1_3' title='bbox 906 304 1003 348; x_wconf 83' lang='lat' dir='ltr'><strong><em>illis</em></strong></span> 
     </span>
     <span class='ocr_line' id='line_1_3' title="bbox 242 363 1890 435; baseline -0.002 -14"><span class='ocrx_word' id='word_1_4' title='bbox 242 367 438 432; x_wconf 60' lang='lat' dir='ltr'><strong><em>insseliae</em></strong></span> <span class='ocrx_word' id='word_1_5' title='bbox 470 366 673 432; x_wconf 82' lang='lat' dir='ltr'><strong><em>infrelit</em></strong></span> <span class='ocrx_word' id='word_1_6' title='bbox 708 365 771 418; x_wconf 93' lang='lat' dir='ltr'><strong><em>B.</em></strong></span> <span class='ocrx_word' id='word_1_7' title='bbox 811 396 875 403; x_wconf 96' lang='lat'>—</span> <span class='ocrx_word' id='word_1_8' title='bbox 917 365 982 417; x_wconf 92' lang='lat' dir='ltr'><strong><em>ab</em></strong></span> <span class='ocrx_word' id='word_1_9' title='bbox 1020 363 1133 416; x_wconf 90' lang='lat' dir='ltr'><strong><em>AB.</em></strong></span> <span class='ocrx_word' id='word_1_10' title='bbox 1176 394 1240 402; x_wconf 93' lang='lat'>-</span> <span class='ocrx_word' id='word_1_11' title='bbox 1283 383 1332 417; x_wconf 91' lang='grc' dir='ltr'><strong><em>ιι.</em></strong></span> <span class='ocrx_word' id='word_1_12' title='bbox 1371 365 1421 417; x_wconf 89' lang='lat'><strong><em>4.</em></strong></span> <span class='ocrx_word' id='word_1_13' title='bbox 1460 366 1655 418; x_wconf 79' lang='lat' dir='ltr'><strong><em>amittit</em></strong></span> <span class='ocrx_word' id='word_1_14' title='bbox 1691 371 1739 418; x_wconf 90' lang='lat' dir='ltr'><strong><em>et</em></strong></span> <span class='ocrx_word' id='word_1_15' title='bbox 1774 366 1890 435; x_wconf 88' lang='lat' dir='ltr'><strong><em>AB,</em></strong></span> 
     </span>
     <span class='ocr_line' id='line_1_4' title="bbox 249 436 1890 507; baseline 0.001 -16"><span class='ocrx_word' id='word_1_16' title='bbox 249 440 444 492; x_wconf 80' lang='lat' dir='ltr'><strong><em>amittit</em></strong></span> <span class='ocrx_word' id='word_1_17' title='bbox 482 439 596 492; x_wconf 89' lang='lat' dir='ltr'><strong><em>edd.</em></strong></span> <span class='ocrx_word' id='word_1_18' title='bbox 641 470 701 476; x_wconf 92' lang='lat'>—</span> <span class='ocrx_word' id='word_1_19' title='bbox 745 440 835 506; x_wconf 77' lang='lat' dir='ltr'><strong><em>qui</em></strong></span> <span class='ocrx_word' id='word_1_20' title='bbox 859 438 988 507; x_wconf 88' lang='lat' dir='ltr'><strong><em>edd.,</em></strong></span> <span class='ocrx_word' id='word_1_21' title='bbox 1027 440 1111 491; x_wconf 85' lang='lat' dir='ltr'><strong><em>cui</em></strong></span> <span class='ocrx_word' id='word_1_22' title='bbox 1133 436 1245 491; x_wconf 89' lang='lat' dir='ltr'><strong><em>AB.</em></strong></span> <span class='ocrx_word' id='word_1_23' title='bbox 1275 468 1336 475; x_wconf 91' lang='lat'>—</span> <span class='ocrx_word' id='word_1_24' title='bbox 1370 455 1472 505; x_wconf 76' lang='lat' dir='ltr'><strong><em>pro</em></strong></span> <span class='ocrx_word' id='word_1_25' title='bbox 1509 440 1648 492; x_wconf 81' lang='lat' dir='ltr'><strong><em>ueris</em></strong></span> <span class='ocrx_word' id='word_1_26' title='bbox 1685 439 1890 505; x_wconf 67' lang='lat' dir='ltr'><strong><em>Kaelb„</em></strong></span> 
     </span>
     <span class='ocr_line' id='line_1_5' title="bbox 239 511 1890 581; baseline 0.001 -16"><span class='ocrx_word' id='word_1_27' title='bbox 239 531 286 580; x_wconf 54' lang='lat' dir='ltr'><em>p</em></span> <span class='ocrx_word' id='word_1_28' title='bbox 327 514 461 567; x_wconf 80' lang='lat' dir='ltr'><strong><em>uerit</em></strong></span> <span class='ocrx_word' id='word_1_29' title='bbox 497 512 611 581; x_wconf 92' lang='lat' dir='ltr'><strong><em>AB,</em></strong></span> <span class='ocrx_word' id='word_1_30' title='bbox 645 530 742 581; x_wconf 75' lang='lat' dir='ltr'><strong><em>pro</em></strong></span> <span class='ocrx_word' id='word_1_31' title='bbox 780 513 995 565; x_wconf 84' lang='lat' dir='ltr'><strong><em>ueritate</em></strong></span> <span class='ocrx_word' id='word_1_32' title='bbox 1033 511 1148 563; x_wconf 90' lang='lat' dir='ltr'><strong><em>edd.</em></strong></span> <span class='ocrx_word' id='word_1_33' title='bbox 1193 542 1254 548; x_wconf 93' lang='lat'><strong>—</strong></span> <span class='ocrx_word' id='word_1_34' title='bbox 1296 531 1349 565; x_wconf 92' lang='grc' dir='ltr'><strong><em>ιι.</em></strong></span> <span class='ocrx_word' id='word_1_35' title='bbox 1374 512 1424 564; x_wconf 85' lang='grc'><strong><em>6.</em></strong></span> <span class='ocrx_word' id='word_1_36' title='bbox 1460 513 1699 566; x_wconf 76' lang='lat' dir='ltr'><strong><em>debuerat</em></strong></span> <span class='ocrx_word' id='word_1_37' title='bbox 1734 530 1890 580; x_wconf 77' lang='lat' dir='ltr'><strong><em>quam</em></strong></span> 
     </span>
     <span class='ocr_line' id='line_1_6' title="bbox 250 584 1887 656; baseline 0.001 -18"><span class='ocrx_word' id='word_1_38' title='bbox 250 586 370 655; x_wconf 82' lang='lat' dir='ltr'><strong><em>AB3</em></strong></span> <span class='ocrx_word' id='word_1_39' title='bbox 410 586 531 639; x_wconf 74' lang='lat' dir='ltr'><strong><em>edit.</em></strong></span> <span class='ocrx_word' id='word_1_40' title='bbox 555 586 675 656; x_wconf 82' lang='lat' dir='ltr'><strong><em>Rig.</em></strong></span> <span class='ocrx_word' id='word_1_41' title='bbox 708 589 762 638; x_wconf 70' lang='lat' dir='ltr'><strong><em>ei:</em></strong></span> <span class='ocrx_word' id='word_1_42' title='bbox 785 584 1035 638; x_wconf 82' lang='lat' dir='ltr'><strong><em>Sehurzfl.</em></strong></span> <span class='ocrx_word' id='word_1_43' title='bbox 1076 585 1268 638; x_wconf 77' lang='lat' dir='ltr'><strong><em>uitiose</em></strong></span> <span class='ocrx_word' id='word_1_44' title='bbox 1307 585 1509 638; x_wconf 78' lang='lat' dir='ltr'><strong><em>deberat</em></strong></span> <span class='ocrx_word' id='word_1_45' title='bbox 1543 603 1700 654; x_wconf 80' lang='lat' dir='ltr'><strong><em>quam</em></strong></span> <span class='ocrx_word' id='word_1_46' title='bbox 1737 605 1887 655; x_wconf 85' lang='lat' dir='ltr'><strong><em>prae-</em></strong></span> 
     </span>
    </p>
   </div>
   <div class='ocr_carea' id='block_1_3' title="bbox 253 658 2002 728">
    <p class='ocr_par' dir='ltr' id='par_1_3' title="bbox 253 658 2002 728">
     <span class='ocr_line' id='line_1_7' title="bbox 253 658 2002 728; baseline 0.001 -16"><span class='ocrx_word' id='word_1_47' title='bbox 253 661 359 727; x_wconf 73' lang='lat' dir='ltr'><strong><em>bet,</em></strong></span> <span class='ocrx_word' id='word_1_48' title='bbox 400 660 541 728; x_wconf 87' lang='lat' dir='ltr'><strong><em>quod</em></strong></span> <span class='ocrx_word' id='word_1_49' title='bbox 581 658 730 712; x_wconf 90' lang='lat' dir='ltr'><strong><em>Oehl.</em></strong></span> <span class='ocrx_word' id='word_1_50' title='bbox 771 659 1004 712; x_wconf 76' lang='lat' dir='ltr'><strong><em>mutauit</em></strong></span> <span class='ocrx_word' id='word_1_51' title='bbox 1041 659 1098 710; x_wconf 89' lang='lat' dir='ltr'><strong><em>in</em></strong></span> <span class='ocrx_word' id='word_1_52' title='bbox 1137 659 1327 712; x_wconf 89' lang='lat' dir='ltr'><strong><em>deberet</em></strong></span> <span class='ocrx_word' id='word_1_53' title='bbox 1363 659 1466 726; x_wconf 79' lang='lat' dir='ltr'><strong><em>qui.</em></strong></span> <span class='ocrx_word' id='word_1_54' title='bbox 1504 689 1576 696; x_wconf 92' lang='lat'>—</span> <span class='ocrx_word' id='word_1_55' title='bbox 1615 679 1664 712; x_wconf 92' lang='lat' dir='ltr'><strong><em>u.</em></strong></span> <span class='ocrx_word' id='word_1_56' title='bbox 1700 661 1746 713; x_wconf 85' lang='lat'><strong><em>7.</em></strong></span> <span class='ocrx_word' id='word_1_57' title='bbox 1784 677 1886 713; x_wconf 85' lang='lat' dir='ltr'><strong><em>ser·</em></strong></span> <span class='ocrx_word' id='word_1_58' title='bbox 1995 686 2002 690; x_wconf 89' lang='lat'><strong>·</strong></span> 
     </span>
    </p>
   </div>
   <div class='ocr_carea' id='block_1_4' title="bbox 247 731 1890 1359">
    <p class='ocr_par' dir='ltr' id='par_1_4' title="bbox 247 731 1890 1359">
     <span class='ocr_line' id='line_1_8' title="bbox 249 731 1888 802; baseline -0.001 -16"><span class='ocrx_word' id='word_1_59' title='bbox 249 735 441 786; x_wconf 83' lang='lat' dir='ltr'><strong><em>uitium</em></strong></span> <span class='ocrx_word' id='word_1_60' title='bbox 471 737 674 802; x_wconf 78' lang='lat' dir='ltr'><strong><em>poterat</em></strong></span> <span class='ocrx_word' id='word_1_61' title='bbox 710 732 917 801; x_wconf 85' lang='lat' dir='ltr'><strong><em>Kaelb.,</em></strong></span> <span class='ocrx_word' id='word_1_62' title='bbox 961 733 1325 798; x_wconf 77' lang='lat' dir='ltr'><strong><em>seruitiumque</em></strong></span> <span class='ocrx_word' id='word_1_63' title='bbox 1352 736 1534 799; x_wconf 75' lang='lat' dir='ltr'><strong><em>pateat</em></strong></span> <span class='ocrx_word' id='word_1_64' title='bbox 1569 731 1691 802; x_wconf 86' lang='lat' dir='ltr'><strong><em>AB,</em></strong></span> <span class='ocrx_word' id='word_1_65' title='bbox 1730 735 1888 787; x_wconf 84' lang='lat' dir='ltr'><strong><em>serui-</em></strong></span> 
     </span>
     <span class='ocr_line' id='line_1_9' title="bbox 248 805 1887 887; baseline 0.001 -28"><span class='ocrx_word' id='word_1_66' title='bbox 248 808 475 874; x_wconf 78' lang='lat' dir='ltr'><strong><em>tiumque</em></strong></span> <span class='ocrx_word' id='word_1_67' title='bbox 501 810 648 874; x_wconf 75' lang='lat' dir='ltr'><strong><em>petat</em></strong></span> <span class='ocrx_word' id='word_1_68' title='bbox 683 806 797 887; x_wconf 64' lang='lat' dir='ltr'><strong><em>edei.</em></strong></span> <span class='ocrx_word' id='word_1_69' title='bbox 842 836 904 843; x_wconf 92' lang='lat'>—</span> <span class='ocrx_word' id='word_1_70' title='bbox 962 825 1011 858; x_wconf 94' lang='grc' dir='ltr'><strong><em>ιι.</em></strong></span> <span class='ocrx_word' id='word_1_71' title='bbox 1052 806 1100 859; x_wconf 88' lang='grc'><strong><em>8.</em></strong></span> <span class='ocrx_word' id='word_1_72' title='bbox 1150 805 1463 873; x_wconf 75' lang='lat' dir='ltr'><strong><em>proeliando·</em></strong></span> <span class='ocrx_word' id='word_1_73' title='bbox 1492 805 1628 875; x_wconf 68' lang='lat' dir='ltr'><strong><em>Rig,</em></strong></span> <span class='ocrx_word' id='word_1_74' title='bbox 1679 808 1887 874; x_wconf 74' lang='lat' dir='ltr'><strong><em>praedi-</em></strong></span> 
     </span>
     <span class='ocr_line' id='line_1_10' title="bbox 247 879 1889 1008; baseline 0 -17"><span class='ocrx_word' id='word_1_75' title='bbox 247 940 412 992; x_wconf 86' lang='lat' dir='ltr'><strong><em>eando</em></strong></span> <span class='ocrx_word' id='word_1_76' title='bbox 438 938 600 1008; x_wconf 91' lang='lat' dir='ltr'><strong><em>Oehl.,</em></strong></span> <span class='ocrx_word' id='word_1_77' title='bbox 630 879 978 1006; x_wconf 43' lang='grc' dir='ltr'><strong>ξιξῗιθέἶῗὶῗὲἵιᾱο</strong></span> <span class='ocrx_word' id='word_1_78' title='bbox 1002 936 1115 990; x_wconf 91' lang='lat' dir='ltr'><strong><em>AB.</em></strong></span> <span class='ocrx_word' id='word_1_79' title='bbox 1143 966 1209 974; x_wconf 87' lang='lat'>—</span> <span class='ocrx_word' id='word_1_80' title='bbox 1253 942 1390 990; x_wconf 83' lang='lat' dir='ltr'><strong><em>terra</em></strong></span> <span class='ocrx_word' id='word_1_81' title='bbox 1415 936 1580 1006; x_wconf 91' lang='lat' dir='ltr'><strong><em>Oehl.,</em></strong></span> <span class='ocrx_word' id='word_1_82' title='bbox 1618 955 1730 1006; x_wconf 76' lang='lat' dir='ltr'><strong><em>reye</em></strong></span> <span class='ocrx_word' id='word_1_83' title='bbox 1751 937 1889 1008; x_wconf 68' lang='lat' dir='ltr'><strong><em>Rig,</em></strong></span> 
     </span>
     <span class='ocr_line' id='line_1_11' title="bbox 247 1024 1887 1137; baseline -0.001 -14"><span class='ocrx_word' id='word_1_84' title='bbox 247 1024 388 1123; x_wconf 53' lang='grc' dir='ltr'><strong><em>Ξέἕῑα</em></strong></span> <span class='ocrx_word' id='word_1_85' title='bbox 426 1070 539 1123; x_wconf 89' lang='grc' dir='ltr'><strong><em>ΑΒ.</em></strong></span> <span class='ocrx_word' id='word_1_86' title='bbox 582 1102 645 1108; x_wconf 91' lang='grc'>-</span> <span class='ocrx_word' id='word_1_87' title='bbox 688 1089 738 1122; x_wconf 91' lang='grc' dir='ltr'><strong><em>ιι.</em></strong></span> <span class='ocrx_word' id='word_1_88' title='bbox 777 1070 826 1122; x_wconf 87' lang='lat'><strong><em>9.</em></strong></span> <span class='ocrx_word' id='word_1_89' title='bbox 864 1070 942 1124; x_wconf 87' lang='lat' dir='ltr'><strong><em>At</em></strong></span> <span class='ocrx_word' id='word_1_90' title='bbox 977 1070 1022 1122; x_wconf 93' lang='lat' dir='ltr'>B</span> <span class='ocrx_word' id='word_1_91' title='bbox 1063 1069 1193 1137; x_wconf 71' lang='lat' dir='ltr'><strong><em>edd„</em></strong></span> <span class='ocrx_word' id='word_1_92' title='bbox 1247 1070 1328 1122; x_wconf 87' lang='lat' dir='ltr'><strong><em>Ae</em></strong></span> <span class='ocrx_word' id='word_1_93' title='bbox 1366 1070 1430 1123; x_wconf 88' lang='lat' dir='ltr'><strong><em>A.</em></strong></span> <span class='ocrx_word' id='word_1_94' title='bbox 1476 1101 1538 1107; x_wconf 90' lang='lat'><strong>—</strong></span> <span class='ocrx_word' id='word_1_95' title='bbox 1581 1087 1770 1123; x_wconf 84' lang='lat' dir='ltr'><strong><em>manus</em></strong></span> <span class='ocrx_word' id='word_1_96' title='bbox 1807 1071 1887 1123; x_wconf 85' lang='lat' dir='ltr'><strong><em>de-</em></strong></span> 
     </span>
     <span class='ocr_line' id='line_1_12' title="bbox 249 1142 1887 1214; baseline -0.002 -16"><span class='ocrx_word' id='word_1_97' title='bbox 249 1146 386 1198; x_wconf 84' lang='lat' dir='ltr'><strong><em>deris</em></strong></span> <span class='ocrx_word' id='word_1_98' title='bbox 423 1145 697 1197; x_wconf 78' lang='lat' dir='ltr'><strong><em>incolumes</em></strong></span> <span class='ocrx_word' id='word_1_99' title='bbox 735 1142 1060 1212; x_wconf 82' lang='lat' dir='ltr'><strong><em>(ineolumem</em></strong></span> <span class='ocrx_word' id='word_1_100' title='bbox 1099 1142 1221 1214; x_wconf 89' lang='lat' dir='ltr'><strong><em>AB)</em></strong></span> <span class='ocrx_word' id='word_1_101' title='bbox 1261 1143 1315 1197; x_wconf 89' lang='lat' dir='ltr'><strong><em>h.</em></strong></span> <span class='ocrx_word' id='word_1_102' title='bbox 1354 1162 1396 1196; x_wconf 91' lang='lat' dir='ltr'><strong><em>e.</em></strong></span> <span class='ocrx_word' id='word_1_103' title='bbox 1437 1142 1511 1196; x_wconf 75' lang='lat' dir='ltr'><strong><em>‘si</em></strong></span> <span class='ocrx_word' id='word_1_104' title='bbox 1553 1143 1666 1195; x_wconf 85' lang='lat' dir='ltr'><strong><em>sine</em></strong></span> <span class='ocrx_word' id='word_1_105' title='bbox 1706 1159 1887 1213; x_wconf 82' lang='lat' dir='ltr'><strong><em>pugna</em></strong></span> 
     </span>
     <span class='ocr_line' id='line_1_13' title="bbox 247 1217 1882 1285; baseline -0.001 -15"><span class='ocrx_word' id='word_1_106' title='bbox 247 1221 302 1270; x_wconf 79' lang='lat' dir='ltr'><strong><em>te</em></strong></span> <span class='ocrx_word' id='word_1_107' title='bbox 343 1217 579 1270; x_wconf 87' lang='lat' dir='ltr'><strong><em>dederis&#39;</em></strong></span> <span class='ocrx_word' id='word_1_108' title='bbox 618 1217 823 1285; x_wconf 88' lang='lat' dir='ltr'><strong><em>Kaelb.,</em></strong></span> <span class='ocrx_word' id='word_1_109' title='bbox 869 1235 1058 1270; x_wconf 84' lang='lat' dir='ltr'><strong><em>manus</em></strong></span> <span class='ocrx_word' id='word_1_110' title='bbox 1094 1218 1313 1282; x_wconf 78' lang='lat' dir='ltr'><strong><em>dederi3‚</em></strong></span> <span class='ocrx_word' id='word_1_111' title='bbox 1351 1218 1622 1270; x_wconf 81' lang='lat' dir='ltr'><strong><em>incolumis</em></strong></span> <span class='ocrx_word' id='word_1_112' title='bbox 1661 1217 1776 1269; x_wconf 89' lang='lat' dir='ltr'><strong><em>edd.</em></strong></span> <span class='ocrx_word' id='word_1_113' title='bbox 1821 1247 1882 1254; x_wconf 93' lang='lat'>—</span> 
     </span>
     <span class='ocr_line' id='line_1_14' title="bbox 249 1290 1890 1359; baseline -0.001 -15"><span class='ocrx_word' id='word_1_114' title='bbox 249 1311 299 1344; x_wconf 79' lang='grc' dir='ltr'><strong><em>ιι,</em></strong></span> <span class='ocrx_word' id='word_1_115' title='bbox 328 1292 410 1344; x_wconf 90' lang='grc'><strong>10.</strong></span> <span class='ocrx_word' id='word_1_116' title='bbox 450 1296 494 1344; x_wconf 93' lang='lat' dir='ltr'><strong><em>te</em></strong></span> <span class='ocrx_word' id='word_1_117' title='bbox 524 1290 580 1358; x_wconf 88' lang='lat' dir='ltr'><strong><em>L,</em></strong></span> <span class='ocrx_word' id='word_1_118' title='bbox 621 1295 677 1343; x_wconf 93' lang='lat' dir='ltr'><strong><em>tu</em></strong></span> <span class='ocrx_word' id='word_1_119' title='bbox 706 1290 803 1343; x_wconf 92' lang='lat' dir='ltr'><strong><em>AB</em></strong></span> <span class='ocrx_word' id='word_1_120' title='bbox 838 1291 968 1359; x_wconf 64' lang='lat' dir='ltr'><strong><em>edd„</em></strong></span> <span class='ocrx_word' id='word_1_121' title='bbox 1007 1295 1063 1343; x_wconf 87' lang='lat' dir='ltr'><strong><em>tu</em></strong></span> <span class='ocrx_word' id='word_1_122' title='bbox 1093 1295 1138 1343; x_wconf 90' lang='lat' dir='ltr'><strong><em>te</em></strong></span> <span class='ocrx_word' id='word_1_123' title='bbox 1168 1290 1358 1344; x_wconf 86' lang='lat' dir='ltr'><strong><em>Kaelb.</em></strong></span> <span class='ocrx_word' id='word_1_124' title='bbox 1397 1320 1459 1340; x_wconf 88' lang='lat'><strong><em>—.-</em></strong></span> <span class='ocrx_word' id='word_1_125' title='bbox 1495 1310 1545 1343; x_wconf 92' lang='lat' dir='ltr'><strong><em>u.</em></strong></span> <span class='ocrx_word' id='word_1_126' title='bbox 1575 1292 1657 1343; x_wconf 91' lang='lat'><strong><em>11.</em></strong></span> <span class='ocrx_word' id='word_1_127' title='bbox 1698 1291 1743 1342; x_wconf 81' lang='lat' dir='ltr'><strong><em>si</em></strong></span> <span class='ocrx_word' id='word_1_128' title='bbox 1775 1307 1890 1356; x_wconf 86' lang='lat' dir='ltr'><strong><em>nee,</em></strong></span> 
     </span>
    </p>
   </div>
   <div class='ocr_carea' id='block_1_5' title="bbox 251 1363 1890 1536">
    <p class='ocr_par' dir='ltr' id='par_1_5' title="bbox 251 1363 1890 1536">
     <span class='ocr_line' id='line_1_15' title="bbox 251 1363 1881 1432; baseline -0.002 -14"><span class='ocrx_word' id='word_1_129' title='bbox 251 1383 320 1418; x_wconf 87' lang='lat' dir='ltr'><strong><em>ne</em></strong></span> <span class='ocrx_word' id='word_1_130' title='bbox 368 1383 540 1417; x_wconf 81' lang='lat' dir='ltr'><strong><em>cessa:</em></strong></span> <span class='ocrx_word' id='word_1_131' title='bbox 601 1366 648 1417; x_wconf 82' lang='lat' dir='ltr'><strong><em>si</em></strong></span> <span class='ocrx_word' id='word_1_132' title='bbox 684 1382 836 1418; x_wconf 84' lang='lat' dir='ltr'><strong><em>neone</em></strong></span> <span class='ocrx_word' id='word_1_133' title='bbox 871 1382 935 1417; x_wconf 91' lang='lat' dir='ltr'><strong><em>ne</em></strong></span> <span class='ocrx_word' id='word_1_134' title='bbox 972 1381 1109 1418; x_wconf 86' lang='lat' dir='ltr'><strong><em>eessa</em></strong></span> <span class='ocrx_word' id='word_1_135' title='bbox 1148 1364 1279 1432; x_wconf 66' lang='lat' dir='ltr'><strong><em>edd„</em></strong></span> <span class='ocrx_word' id='word_1_136' title='bbox 1331 1365 1380 1417; x_wconf 85' lang='lat' dir='ltr'><strong><em>si</em></strong></span> <span class='ocrx_word' id='word_1_137' title='bbox 1416 1381 1505 1417; x_wconf 88' lang='lat' dir='ltr'><strong><em>nee</em></strong></span> <span class='ocrx_word' id='word_1_138' title='bbox 1541 1380 1733 1417; x_wconf 83' lang='lat' dir='ltr'><strong><em>necesse</em></strong></span> <span class='ocrx_word' id='word_1_139' title='bbox 1770 1363 1881 1416; x_wconf 91' lang='lat' dir='ltr'><strong><em>AB.</em></strong></span> 
     </span>
     <span class='ocr_line' id='line_1_16' title="bbox 255 1439 1890 1536; baseline -0.002 -15"><span class='ocrx_word' id='word_1_140' title='bbox 255 1498 319 1505; x_wconf 86' lang='lat'><strong>—</strong></span> <span class='ocrx_word' id='word_1_141' title='bbox 356 1487 404 1521; x_wconf 90' lang='grc' dir='ltr'><strong><em>ιι.</em></strong></span> <span class='ocrx_word' id='word_1_142' title='bbox 426 1468 509 1520; x_wconf 87' lang='lat'><strong><em>14.</em></strong></span> <span class='ocrx_word' id='word_1_143' title='bbox 548 1485 628 1521; x_wconf 84' lang='lat' dir='ltr'><strong><em>res</em></strong></span> <span class='ocrx_word' id='word_1_144' title='bbox 657 1468 875 1534; x_wconf 81' lang='lat' dir='ltr'><strong><em>infamis</em></strong></span> <span class='ocrx_word' id='word_1_145' title='bbox 915 1467 1045 1536; x_wconf 69' lang='lat' dir='ltr'><strong><em>edd„</em></strong></span> <span class='ocrx_word' id='word_1_146' title='bbox 1081 1484 1172 1521; x_wconf 71' lang='lat' dir='ltr'><strong><em>rea</em></strong></span> <span class='ocrx_word' id='word_1_147' title='bbox 1200 1467 1419 1534; x_wconf 82' lang='lat' dir='ltr'><strong><em>infamis</em></strong></span> <span class='ocrx_word' id='word_1_148' title='bbox 1455 1466 1522 1535; x_wconf 88' lang='lat' dir='ltr'><strong><em>A,</em></strong></span> <span class='ocrx_word' id='word_1_149' title='bbox 1559 1483 1650 1520; x_wconf 78' lang='lat' dir='ltr'><strong><em>rex</em></strong></span> <span class='ocrx_word' id='word_1_150' title='bbox 1673 1439 1890 1532; x_wconf 67' lang='lat' dir='ltr'><strong><em>infami}</em></strong></span> 
     </span>
    </p>
   </div>
   <div class='ocr_carea' id='block_1_6' title="bbox 238 1544 1894 2519">
    <p class='ocr_par' dir='ltr' id='par_1_6' title="bbox 238 1544 1894 2283">
     <span class='ocr_line' id='line_1_17' title="bbox 250 1544 1892 1641; baseline -0.001 -19"><span class='ocrx_word' id='word_1_151' title='bbox 250 1570 362 1638; x_wconf 86' lang='lat' dir='ltr'><strong><em>(uel</em></strong></span> <span class='ocrx_word' id='word_1_152' title='bbox 399 1544 649 1641; x_wconf 64' lang='lat' dir='ltr'><strong><em>infamia)</em></strong></span> <span class='ocrx_word' id='word_1_153' title='bbox 690 1570 750 1622; x_wconf 89' lang='lat' dir='ltr'><strong><em>B.</em></strong></span> <span class='ocrx_word' id='word_1_154' title='bbox 796 1600 870 1609; x_wconf 95' lang='lat'><strong>—</strong></span> <span class='ocrx_word' id='word_1_155' title='bbox 919 1590 968 1623; x_wconf 91' lang='grc' dir='ltr'><strong><em>ιι.</em></strong></span> <span class='ocrx_word' id='word_1_156' title='bbox 1014 1571 1095 1622; x_wconf 84' lang='grc'><strong>17.</strong></span> <span class='ocrx_word' id='word_1_157' title='bbox 1146 1571 1340 1637; x_wconf 78' lang='lat' dir='ltr'><strong><em>periuit</em></strong></span> <span class='ocrx_word' id='word_1_158' title='bbox 1375 1569 1656 1637; x_wconf 84' lang='lat' dir='ltr'><strong><em>Roensch.,</em></strong></span> <span class='ocrx_word' id='word_1_159' title='bbox 1700 1569 1892 1636; x_wconf 81' lang='lat' dir='ltr'><strong><em>peribit</em></strong></span> 
     </span>
     <span class='ocr_line' id='line_1_18' title="bbox 250 1643 1894 1710; baseline -0.002 -13"><span class='ocrx_word' id='word_1_160' title='bbox 250 1644 349 1697; x_wconf 90' lang='lat' dir='ltr'><strong><em>AB</em></strong></span> <span class='ocrx_word' id='word_1_161' title='bbox 390 1644 504 1697; x_wconf 86' lang='lat' dir='ltr'><strong><em>edd.</em></strong></span> <span class='ocrx_word' id='word_1_162' title='bbox 554 1675 618 1681; x_wconf 91' lang='lat'>—</span> <span class='ocrx_word' id='word_1_163' title='bbox 669 1662 719 1695; x_wconf 94' lang='grc' dir='ltr'><strong><em>ιι.</em></strong></span> <span class='ocrx_word' id='word_1_164' title='bbox 764 1644 846 1697; x_wconf 89' lang='lat'><strong><em>18.</em></strong></span> <span class='ocrx_word' id='word_1_165' title='bbox 899 1643 1073 1696; x_wconf 84' lang='lat' dir='ltr'><strong><em>Deum</em></strong></span> <span class='ocrx_word' id='word_1_166' title='bbox 1109 1645 1158 1696; x_wconf 85' lang='lat' dir='ltr'><strong><em>si</em></strong></span> <span class='ocrx_word' id='word_1_167' title='bbox 1193 1660 1299 1698; x_wconf 89' lang='lat' dir='ltr'><strong><em>non</em></strong></span> <span class='ocrx_word' id='word_1_168' title='bbox 1335 1645 1574 1710; x_wconf 80' lang='lat' dir='ltr'><strong><em>sequitur,</em></strong></span> <span class='ocrx_word' id='word_1_169' title='bbox 1613 1644 1762 1710; x_wconf 77' lang='lat' dir='ltr'><strong><em>inops</em></strong></span> <span class='ocrx_word' id='word_1_170' title='bbox 1799 1646 1894 1695; x_wconf 90' lang='lat' dir='ltr'><strong><em>aut</em></strong></span> 
     </span>
     <span class='ocr_line' id='line_1_19' title="bbox 238 1714 1889 1787; baseline -0.002 -17"><span class='ocrx_word' id='word_1_171' title='bbox 238 1718 502 1785; x_wconf 74' lang='lat' dir='ltr'><strong><em>profanus</em></strong></span> <span class='ocrx_word' id='word_1_172' title='bbox 538 1718 602 1771; x_wconf 90' lang='lat' dir='ltr'><strong><em>ab</em></strong></span> <span class='ocrx_word' id='word_1_173' title='bbox 640 1717 807 1770; x_wconf 78' lang='lat' dir='ltr'><strong><em>hoste!</em></strong></span> <span class='ocrx_word' id='word_1_174' title='bbox 847 1714 1060 1786; x_wconf 85' lang='lat' dir='ltr'>(supple</span> <span class='ocrx_word' id='word_1_175' title='bbox 1085 1715 1339 1787; x_wconf 67' lang='lat' dir='ltr'><strong><em>‘faetus&#39;)</em></strong></span> <span class='ocrx_word' id='word_1_176' title='bbox 1379 1716 1438 1784; x_wconf 89' lang='lat' dir='ltr'><strong><em>L,</em></strong></span> <span class='ocrx_word' id='word_1_177' title='bbox 1476 1716 1558 1769; x_wconf 89' lang='lat' dir='ltr'><strong><em>De</em></strong></span> <span class='ocrx_word' id='word_1_178' title='bbox 1579 1717 1627 1770; x_wconf 87' lang='lat' dir='ltr'><strong><em>si</em></strong></span> <span class='ocrx_word' id='word_1_179' title='bbox 1699 1733 1738 1767; x_wconf 91' lang='lat' dir='ltr'><strong><em>n</em></strong></span> <span class='ocrx_word' id='word_1_180' title='bbox 1777 1714 1889 1784; x_wconf 91' lang='lat' dir='ltr'><strong><em>(uel</em></strong></span> 
     </span>
     <span class='ocr_line' id='line_1_20' title="bbox 250 1789 1890 1861; baseline -0.002 -16"><span class='ocrx_word' id='word_1_181' title='bbox 250 1791 311 1861; x_wconf 80' lang='lat' dir='ltr'><strong><em>u)</em></strong></span> <span class='ocrx_word' id='word_1_182' title='bbox 348 1793 397 1845; x_wconf 86' lang='lat' dir='ltr'><strong><em>si</em></strong></span> <span class='ocrx_word' id='word_1_183' title='bbox 434 1809 502 1859; x_wconf 77' lang='lat' dir='ltr'><strong><em>qu</em></strong></span> <span class='ocrx_word' id='word_1_184' title='bbox 540 1796 589 1844; x_wconf 87' lang='lat' dir='ltr'><strong><em>et</em></strong></span> <span class='ocrx_word' id='word_1_185' title='bbox 623 1792 772 1858; x_wconf 74' lang='lat' dir='ltr'><strong><em>inops</em></strong></span> <span class='ocrx_word' id='word_1_186' title='bbox 810 1793 933 1843; x_wconf 75' lang='lat' dir='ltr'><strong><em>cett.</em></strong></span> <span class='ocrx_word' id='word_1_187' title='bbox 963 1789 1081 1858; x_wconf 90' lang='lat' dir='ltr'><strong><em>AB,</em></strong></span> <span class='ocrx_word' id='word_1_188' title='bbox 1118 1790 1339 1843; x_wconf 85' lang='lat' dir='ltr'><strong><em>Domini</em></strong></span> <span class='ocrx_word' id='word_1_189' title='bbox 1375 1791 1422 1843; x_wconf 87' lang='lat' dir='ltr'><strong><em>si</em></strong></span> <span class='ocrx_word' id='word_1_190' title='bbox 1457 1791 1574 1857; x_wconf 78' lang='lat' dir='ltr'><strong><em>quis</em></strong></span> <span class='ocrx_word' id='word_1_191' title='bbox 1610 1790 1760 1856; x_wconf 74' lang='lat' dir='ltr'><strong><em>inops</em></strong></span> <span class='ocrx_word' id='word_1_192' title='bbox 1798 1791 1890 1841; x_wconf 73' lang='lat' dir='ltr'><strong><em>ott.</em></strong></span> 
     </span>
     <span class='ocr_line' id='line_1_21' title="bbox 250 1863 1889 1934; baseline -0.002 -17"><span class='ocrx_word' id='word_1_193' title='bbox 250 1865 382 1933; x_wconf 72' lang='lat' dir='ltr'><strong><em>edd„</em></strong></span> <span class='ocrx_word' id='word_1_194' title='bbox 422 1865 512 1934; x_wconf 91' lang='lat' dir='ltr'><strong><em>qui</em></strong></span> <span class='ocrx_word' id='word_1_195' title='bbox 550 1865 600 1917; x_wconf 89' lang='lat' dir='ltr'><strong><em>h.</em></strong></span> <span class='ocrx_word' id='word_1_196' title='bbox 617 1883 666 1917; x_wconf 94' lang='grc' dir='ltr'><strong><em>ιι.</em></strong></span> <span class='ocrx_word' id='word_1_197' title='bbox 707 1864 954 1934; x_wconf 75' lang='lat' dir='ltr'><strong><em>sequenti</em></strong></span> <span class='ocrx_word' id='word_1_198' title='bbox 991 1864 1298 1932; x_wconf 67' lang='lat' dir='ltr'><strong><em>iunxerunt3</em></strong></span> <span class='ocrx_word' id='word_1_199' title='bbox 1337 1863 1442 1917; x_wconf 89' lang='lat' dir='ltr'><strong><em>Dei</em></strong></span> <span class='ocrx_word' id='word_1_200' title='bbox 1479 1863 1773 1931; x_wconf 74' lang='lat' dir='ltr'><strong><em>desiynatur</em></strong></span> <span class='ocrx_word' id='word_1_201' title='bbox 1808 1863 1889 1915; x_wconf 88' lang='lat' dir='ltr'><strong><em>in-</em></strong></span> 
     </span>
     <span class='ocr_line' id='line_1_22' title="bbox 251 1935 1889 2006; baseline -0.002 -16"><span class='ocrx_word' id='word_1_202' title='bbox 251 1956 342 2005; x_wconf 73' lang='lat' dir='ltr'><strong><em>ops</em></strong></span> <span class='ocrx_word' id='word_1_203' title='bbox 387 1938 573 1992; x_wconf 87' lang='lat' dir='ltr'><strong><em>Kaelb.</em></strong></span> <span class='ocrx_word' id='word_1_204' title='bbox 620 1942 823 2006; x_wconf 77' lang='lat' dir='ltr'><strong><em>puncto</em></strong></span> <span class='ocrx_word' id='word_1_205' title='bbox 869 1938 927 1990; x_wconf 91' lang='lat' dir='ltr'><strong><em>in</em></strong></span> <span class='ocrx_word' id='word_1_206' title='bbox 971 1937 1077 1990; x_wconf 87' lang='lat' dir='ltr'><strong><em>fine</em></strong></span> <span class='ocrx_word' id='word_1_207' title='bbox 1114 1955 1303 1989; x_wconf 82' lang='lat' dir='ltr'><strong><em>uersus</em></strong></span> <span class='ocrx_word' id='word_1_208' title='bbox 1341 1937 1537 2005; x_wconf 66' lang='lat' dir='ltr'><strong><em>posibo,</em></strong></span> <span class='ocrx_word' id='word_1_209' title='bbox 1591 1967 1660 1974; x_wconf 94' lang='lat'>—</span> <span class='ocrx_word' id='word_1_210' title='bbox 1715 1955 1764 1988; x_wconf 92' lang='grc' dir='ltr'><strong><em>ιι.</em></strong></span> <span class='ocrx_word' id='word_1_211' title='bbox 1807 1935 1889 1988; x_wconf 90' lang='lat'><strong><em>19.</em></strong></span> 
     </span>
     <span class='ocr_line' id='line_1_23' title="bbox 249 2010 1890 2079; baseline -0.002 -15"><span class='ocrx_word' id='word_1_212' title='bbox 249 2012 484 2064; x_wconf 82' lang='lat' dir='ltr'><strong><em>Eramen</em></strong></span> <span class='ocrx_word' id='word_1_213' title='bbox 520 2028 712 2065; x_wconf 82' lang='lat' dir='ltr'><strong><em>sonans</em></strong></span> <span class='ocrx_word' id='word_1_214' title='bbox 751 2010 1102 2063; x_wconf 74' lang='lat' dir='ltr'><strong><em>acrostichide</em></strong></span> <span class='ocrx_word' id='word_1_215' title='bbox 1141 2011 1457 2079; x_wconf 67' lang='lat' dir='ltr'><strong><em>postulatur.</em></strong></span> <span class='ocrx_word' id='word_1_216' title='bbox 1495 2010 1666 2062; x_wconf 85' lang='lat' dir='ltr'><strong><em>Eram</em></strong></span> <span class='ocrx_word' id='word_1_217' title='bbox 1696 2010 1890 2062; x_wconf 87' lang='lat' dir='ltr'><strong><em>bouans</em></strong></span> 
     </span>
     <span class='ocr_line' id='line_1_24' title="bbox 251 2081 1888 2152; baseline -0.002 -16"><span class='ocrx_word' id='word_1_218' title='bbox 251 2084 330 2152; x_wconf 88' lang='lat' dir='ltr'><strong><em>A,</em></strong></span> <span class='ocrx_word' id='word_1_219' title='bbox 391 2102 533 2137; x_wconf 82' lang='lat' dir='ltr'><strong><em>eram</em></strong></span> <span class='ocrx_word' id='word_1_220' title='bbox 569 2101 761 2137; x_wconf 84' lang='lat' dir='ltr'><strong><em>sonans</em></strong></span> <span class='ocrx_word' id='word_1_221' title='bbox 798 2083 859 2137; x_wconf 93' lang='lat' dir='ltr'><strong><em>B.</em></strong></span> <span class='ocrx_word' id='word_1_222' title='bbox 919 2114 980 2120; x_wconf 91' lang='lat'><strong>—</strong></span> <span class='ocrx_word' id='word_1_223' title='bbox 1038 2084 1122 2136; x_wconf 82' lang='lat' dir='ltr'><strong><em>uel</em></strong></span> <span class='ocrx_word' id='word_1_224' title='bbox 1158 2088 1218 2135; x_wconf 84' lang='lat' dir='ltr'><strong><em>ut</em></strong></span> <span class='ocrx_word' id='word_1_225' title='bbox 1254 2082 1422 2151; x_wconf 85' lang='lat' dir='ltr'>OehL,</span> <span class='ocrx_word' id='word_1_226' title='bbox 1482 2083 1623 2136; x_wconf 86' lang='lat' dir='ltr'><strong><em>uelut</em></strong></span> <span class='ocrx_word' id='word_1_227' title='bbox 1656 2081 1778 2151; x_wconf 84' lang='lat' dir='ltr'><strong><em>Rig.</em></strong></span> <span class='ocrx_word' id='word_1_228' title='bbox 1818 2112 1888 2119; x_wconf 84' lang='lat'><strong><em>-—</em></strong></span> 
     </span>
     <span class='ocr_line' id='line_1_25' title="bbox 251 2154 1890 2226; baseline 0 -17"><span class='ocrx_word' id='word_1_229' title='bbox 251 2177 302 2210; x_wconf 91' lang='grc' dir='ltr'><strong><em>ιι.</em></strong></span> <span class='ocrx_word' id='word_1_230' title='bbox 342 2159 428 2211; x_wconf 80' lang='grc'><strong><em>20.</em></strong></span> <span class='ocrx_word' id='word_1_231' title='bbox 482 2158 656 2210; x_wconf 88' lang='lat' dir='ltr'><strong><em>debent</em></strong></span> <span class='ocrx_word' id='word_1_232' title='bbox 700 2161 794 2210; x_wconf 86' lang='lat' dir='ltr'><strong><em>aut</em></strong></span> <span class='ocrx_word' id='word_1_233' title='bbox 838 2156 970 2226; x_wconf 70' lang='lat' dir='ltr'><strong><em>edd,</em></strong></span> <span class='ocrx_word' id='word_1_234' title='bbox 1021 2157 1160 2210; x_wconf 89' lang='lat' dir='ltr'><strong><em>debet</em></strong></span> <span class='ocrx_word' id='word_1_235' title='bbox 1201 2160 1259 2209; x_wconf 85' lang='lat' dir='ltr'><strong><em>ut</em></strong></span> <span class='ocrx_word' id='word_1_236' title='bbox 1303 2154 1415 2209; x_wconf 89' lang='lat' dir='ltr'><strong><em>AB.</em></strong></span> <span class='ocrx_word' id='word_1_237' title='bbox 1469 2186 1542 2193; x_wconf 89' lang='lat'><strong><em>-—</em></strong></span> <span class='ocrx_word' id='word_1_238' title='bbox 1596 2156 1720 2208; x_wconf 81' lang='lat' dir='ltr'><strong><em>tales</em></strong></span> <span class='ocrx_word' id='word_1_239' title='bbox 1760 2155 1890 2224; x_wconf 66' lang='lat' dir='ltr'><strong><em>edd„</em></strong></span> 
     </span>
     <span class='ocr_line' id='line_1_26' title="bbox 250 2230 495 2283; baseline 0 0"><span class='ocrx_word' id='word_1_240' title='bbox 250 2232 347 2283; x_wconf 76' lang='lat' dir='ltr'><strong><em>tali</em></strong></span> <span class='ocrx_word' id='word_1_241' title='bbox 383 2230 495 2283; x_wconf 91' lang='lat' dir='ltr'><strong><em>AB.</em></strong></span> 
     </span>
    </p>

    <p class='ocr_par' dir='ltr' id='par_1_7' title="bbox 249 2301 1889 2519">
     <span class='ocr_line' id='line_1_27' title="bbox 399 2301 1889 2372; baseline -0.002 -15"><span class='ocrx_word' id='word_1_242' title='bbox 399 2303 469 2372; x_wconf 95' lang='lat' dir='ltr'><strong><em>II,</em></strong></span> <span class='ocrx_word' id='word_1_243' title='bbox 512 2305 594 2356; x_wconf 86' lang='lat'><strong><em>10.</em></strong></span> <span class='ocrx_word' id='word_1_244' title='bbox 648 2304 732 2357; x_wconf 90' lang='lat' dir='ltr'><strong><em>De</em></strong></span> <span class='ocrx_word' id='word_1_245' title='bbox 768 2304 1070 2370; x_wconf 82' lang='lat' dir='ltr'><strong><em>infantibus.</em></strong></span> <span class='ocrx_word' id='word_1_246' title='bbox 1111 2335 1179 2341; x_wconf 96' lang='lat'>—</span> <span class='ocrx_word' id='word_1_247' title='bbox 1220 2322 1270 2355; x_wconf 92' lang='grc' dir='ltr'><strong><em>ιι.</em></strong></span> <span class='ocrx_word' id='word_1_248' title='bbox 1314 2304 1359 2355; x_wconf 94' lang='grc'><strong>1.</strong></span> <span class='ocrx_word' id='word_1_249' title='bbox 1397 2302 1621 2355; x_wconf 84' lang='lat' dir='ltr'><strong><em>duellum</em></strong></span> <span class='ocrx_word' id='word_1_250' title='bbox 1660 2301 1790 2370; x_wconf 71' lang='lat' dir='ltr'><strong><em>edd„</em></strong></span> <span class='ocrx_word' id='word_1_251' title='bbox 1829 2303 1889 2354; x_wconf 90' lang='lat' dir='ltr'><strong><em>de</em></strong></span> 
     </span>
     <span class='ocr_line' id='line_1_28' title="bbox 249 2375 1887 2445; baseline -0.002 -15"><span class='ocrx_word' id='word_1_252' title='bbox 249 2378 437 2430; x_wconf 79' lang='lat' dir='ltr'><strong><em>belluni</em></strong></span> <span class='ocrx_word' id='word_1_253' title='bbox 489 2376 605 2430; x_wconf 90' lang='lat' dir='ltr'><strong><em>AB.</em></strong></span> <span class='ocrx_word' id='word_1_254' title='bbox 652 2407 722 2415; x_wconf 91' lang='lat'><strong><em>——</em></strong></span> <span class='ocrx_word' id='word_1_255' title='bbox 768 2378 931 2430; x_wconf 88' lang='lat' dir='ltr'><strong><em>subito</em></strong></span> <span class='ocrx_word' id='word_1_256' title='bbox 978 2377 1075 2430; x_wconf 92' lang='lat' dir='ltr'><strong><em>AB</em></strong></span> <span class='ocrx_word' id='word_1_257' title='bbox 1117 2377 1232 2429; x_wconf 88' lang='lat' dir='ltr'><strong><em>edd.</em></strong></span> <span class='ocrx_word' id='word_1_258' title='bbox 1242 2419 1256 2445; x_wconf 91' lang='lat'>,</span> <span class='ocrx_word' id='word_1_259' title='bbox 1308 2376 1528 2428; x_wconf 76' lang='lat' dir='ltr'><strong><em>desubito</em></strong></span> <span class='ocrx_word' id='word_1_260' title='bbox 1574 2375 1762 2428; x_wconf 86' lang='lat' dir='ltr'><strong><em>Kaelb.</em></strong></span> <span class='ocrx_word' id='word_1_261' title='bbox 1817 2406 1887 2413; x_wconf 86' lang='lat'><strong><em>——-</em></strong></span> 
     </span>
     <span class='ocr_line' id='line_1_29' title="bbox 249 2448 1887 2519; baseline -0.002 -16"><span class='ocrx_word' id='word_1_262' title='bbox 249 2469 299 2503; x_wconf 94' lang='grc' dir='ltr'><strong><em>ιι.</em></strong></span> <span class='ocrx_word' id='word_1_263' title='bbox 333 2451 382 2503; x_wconf 82' lang='grc'><strong><em>2.</em></strong></span> <span class='ocrx_word' id='word_1_264' title='bbox 417 2452 652 2519; x_wconf 68' lang='lat' dir='ltr'><strong><em>fuyerent</em></strong></span> <span class='ocrx_word' id='word_1_265' title='bbox 689 2451 819 2519; x_wconf 68' lang='lat' dir='ltr'><strong><em>edd„</em></strong></span> <span class='ocrx_word' id='word_1_266' title='bbox 854 2451 1050 2519; x_wconf 73' lang='lat' dir='ltr'><strong><em>fuyeret</em></strong></span> <span class='ocrx_word' id='word_1_267' title='bbox 1085 2449 1197 2502; x_wconf 93' lang='lat' dir='ltr'><strong><em>AB.</em></strong></span> <span class='ocrx_word' id='word_1_268' title='bbox 1237 2480 1310 2487; x_wconf 92' lang='lat'>—</span> <span class='ocrx_word' id='word_1_269' title='bbox 1347 2467 1397 2502; x_wconf 93' lang='lat' dir='ltr'><strong><em>u.</em></strong></span> <span class='ocrx_word' id='word_1_270' title='bbox 1429 2449 1479 2502; x_wconf 86' lang='lat'><strong><em>3.</em></strong></span> <span class='ocrx_word' id='word_1_271' title='bbox 1515 2466 1621 2502; x_wconf 90' lang='lat' dir='ltr'><strong><em>non</em></strong></span> <span class='ocrx_word' id='word_1_272' title='bbox 1657 2448 1720 2517; x_wconf 92' lang='lat' dir='ltr'><strong><em>B,</em></strong></span> <span class='ocrx_word' id='word_1_273' title='bbox 1757 2457 1784 2500; x_wconf 78' lang='grc' dir='ltr'><em>ὃ</em></span> <span class='ocrx_word' id='word_1_274' title='bbox 1824 2449 1887 2501; x_wconf 92' lang='lat' dir='ltr'><strong><em>A.</em></strong></span> 
     </span>
    </p>
   </div>
   <div class='ocr_carea' id='block_1_7' title="bbox 255 2521 1887 2638">
    <p class='ocr_par' dir='ltr' id='par_1_8' title="bbox 255 2521 1887 2638">
     <span class='ocr_line' id='line_1_30' title="bbox 255 2521 1887 2593; baseline -0.002 -16"><span class='ocrx_word' id='word_1_275' title='bbox 255 2554 324 2563; x_wconf 89' lang='lat'><strong><em>-—</em></strong></span> <span class='ocrx_word' id='word_1_276' title='bbox 366 2543 418 2577; x_wconf 91' lang='grc' dir='ltr'><strong><em>ιι.</em></strong></span> <span class='ocrx_word' id='word_1_277' title='bbox 456 2525 506 2577; x_wconf 88' lang='lat'><strong><em>4.</em></strong></span> <span class='ocrx_word' id='word_1_278' title='bbox 562 2541 738 2577; x_wconf 73' lang='lat' dir='ltr'><strong><em>eoeeuso</em></strong></span> <span class='ocrx_word' id='word_1_279' title='bbox 777 2523 914 2593; x_wconf 87' lang='lat' dir='ltr'><strong><em>edd.,</em></strong></span> <span class='ocrx_word' id='word_1_280' title='bbox 967 2541 1167 2578; x_wconf 75' lang='lat' dir='ltr'><strong><em>excusso</em></strong></span> <span class='ocrx_word' id='word_1_281' title='bbox 1206 2523 1319 2576; x_wconf 92' lang='lat' dir='ltr'><strong><em>AB.</em></strong></span> <span class='ocrx_word' id='word_1_282' title='bbox 1364 2553 1426 2559; x_wconf 97' lang='lat'><strong>—</strong></span> <span class='ocrx_word' id='word_1_283' title='bbox 1477 2541 1527 2574; x_wconf 92' lang='grc' dir='ltr'><strong><em>ιι.</em></strong></span> <span class='ocrx_word' id='word_1_284' title='bbox 1567 2522 1615 2574; x_wconf 86' lang='grc'><strong><em>6.</em></strong></span> <span class='ocrx_word' id='word_1_285' title='bbox 1669 2523 1789 2574; x_wconf 84' lang='lat' dir='ltr'><strong><em>aluo</em></strong></span> <span class='ocrx_word' id='word_1_286' title='bbox 1829 2521 1887 2588; x_wconf 94' lang='lat' dir='ltr'><strong><em>L,</em></strong></span> 
     </span>
     <span class='ocr_line' id='line_1_31' title="bbox 1225 2608 1356 2638; baseline -0.008 0"><span class='ocrx_word' id='word_1_287' title='bbox 1225 2608 1356 2638; x_wconf 67' lang='lat' dir='ltr'><strong><em>arma</em></strong></span> 
     </span>
    </p>
   </div>
   <div class='ocr_carea' id='block_1_8' title="bbox 250 2652 1889 2870">
    <p class='ocr_par' dir='ltr' id='par_1_9' title="bbox 250 2652 1889 2870">
     <span class='ocr_line' id='line_1_32' title="bbox 250 2652 1884 2724; baseline -0.002 -16"><span class='ocrx_word' id='word_1_288' title='bbox 250 2656 392 2724; x_wconf 87' lang='lat' dir='ltr'><strong><em>quod</em></strong></span> <span class='ocrx_word' id='word_1_289' title='bbox 432 2657 636 2724; x_wconf 83' lang='lat' dir='ltr'><strong><em>sumpsi</em></strong></span> <span class='ocrx_word' id='word_1_290' title='bbox 676 2674 738 2708; x_wconf 86' lang='lat' dir='ltr'><strong><em>ex</em></strong></span> <span class='ocrx_word' id='word_1_291' title='bbox 777 2657 959 2710; x_wconf 80' lang='lat' dir='ltr'><strong><em>aluum</em></strong></span> <span class='ocrx_word' id='word_1_292' title='bbox 988 2655 1195 2720; x_wconf 69' lang='lat' dir='ltr'><strong><em>Kaelb„</em></strong></span> <span class='ocrx_word' id='word_1_293' title='bbox 1232 2655 1359 2708; x_wconf 84' lang='lat' dir='ltr'><strong><em>aula</em></strong></span> <span class='ocrx_word' id='word_1_294' title='bbox 1397 2654 1518 2722; x_wconf 90' lang='lat' dir='ltr'><strong><em>AB,</em></strong></span> <span class='ocrx_word' id='word_1_295' title='bbox 1555 2670 1706 2706; x_wconf 87' lang='lat' dir='ltr'><strong><em>arma</em></strong></span> <span class='ocrx_word' id='word_1_296' title='bbox 1746 2652 1884 2719; x_wconf 83' lang='lat' dir='ltr'><strong><em>edd.;</em></strong></span> 
     </span>
     <span class='ocr_line' id='line_1_33' title="bbox 250 2728 1889 2799; baseline -0.002 -19"><span class='ocrx_word' id='word_1_297' title='bbox 250 2729 389 2782; x_wconf 74' lang='lat' dir='ltr'><strong><em>forte</em></strong></span> <span class='ocrx_word' id='word_1_298' title='bbox 428 2729 571 2782; x_wconf 89' lang='lat' dir='ltr'><strong><em>alma</em></strong></span> <span class='ocrx_word' id='word_1_299' title='bbox 607 2730 710 2799; x_wconf 86' lang='lat' dir='ltr'><strong><em>leg.</em></strong></span> <span class='ocrx_word' id='word_1_300' title='bbox 750 2760 819 2768; x_wconf 92' lang='lat'><strong><em>—-</em></strong></span> <span class='ocrx_word' id='word_1_301' title='bbox 860 2748 911 2782; x_wconf 91' lang='lat' dir='ltr'><strong><em>u.</em></strong></span> <span class='ocrx_word' id='word_1_302' title='bbox 938 2730 985 2782; x_wconf 84' lang='lat'><strong><em>7.</em></strong></span> <span class='ocrx_word' id='word_1_303' title='bbox 1022 2733 1398 2795; x_wconf 73' lang='lat' dir='ltr'><strong><em>nascanturque</em></strong></span> <span class='ocrx_word' id='word_1_304' title='bbox 1436 2728 1566 2795; x_wconf 68' lang='lat' dir='ltr'><strong><em>edd„</em></strong></span> <span class='ocrx_word' id='word_1_305' title='bbox 1603 2730 1889 2780; x_wconf 86' lang='lat' dir='ltr'><strong><em>naseuntur</em></strong></span> 
     </span>
     <span class='ocr_line' id='line_1_34' title="bbox 251 2798 1887 2870; baseline -0.001 -17"><span class='ocrx_word' id='word_1_306' title='bbox 251 2803 324 2869; x_wconf 89' lang='lat' dir='ltr'><strong><em>A,</em></strong></span> <span class='ocrx_word' id='word_1_307' title='bbox 361 2806 738 2870; x_wconf 74' lang='lat' dir='ltr'><strong><em>nascunturque</em></strong></span> <span class='ocrx_word' id='word_1_308' title='bbox 776 2803 838 2857; x_wconf 92' lang='lat' dir='ltr'><strong><em>B.</em></strong></span> <span class='ocrx_word' id='word_1_309' title='bbox 879 2833 947 2841; x_wconf 88' lang='lat'>—</span> <span class='ocrx_word' id='word_1_310' title='bbox 988 2822 1037 2855; x_wconf 92' lang='grc' dir='ltr'><strong><em>ιι.</em></strong></span> <span class='ocrx_word' id='word_1_311' title='bbox 1079 2803 1126 2855; x_wconf 86' lang='grc'><strong><em>8.</em></strong></span> <span class='ocrx_word' id='word_1_312' title='bbox 1178 2802 1380 2869; x_wconf 74' lang='lat' dir='ltr'><strong><em>fuyient</em></strong></span> <span class='ocrx_word' id='word_1_313' title='bbox 1415 2800 1480 2870; x_wconf 87' lang='lat' dir='ltr'><strong><em>L,</em></strong></span> <span class='ocrx_word' id='word_1_314' title='bbox 1531 2801 1735 2868; x_wconf 69' lang='lat' dir='ltr'><strong><em>fhtyiens</em></strong></span> <span class='ocrx_word' id='word_1_315' title='bbox 1772 2798 1887 2867; x_wconf 91' lang='lat' dir='ltr'><strong><em>AB,</em></strong></span> 
     </span>
    </p>
   </div>
  </div>
 </body>
</html>
