2010 3220
199 189 266 243 76

727 189 920 235 INDEX
951 190 1302 237 VERBORUM.

256 311 386 354 actas
427 307 669 365 legitimus
714 323 806 354 non
854 308 998 354 sentit
1041 309 1324 366 praestare:
1355 325 1499 354 unum
1521 311 1709 367 praesta
1728 310 1834 367 tibi,

257 373 299 423 2,
332 372 404 422 21,
439 373 509 412 12.
563 367 773 424 redigere
803 369 854 413 in
883 381 994 426 poe·

255 441 367 472 nam
398 432 440 482 2,
459 432 530 482 33,
550 432 619 471 12.
664 428 852 472 trahere
884 441 996 485 poe-

255 500 366 530 nam
398 491 440 541 2,
472 491 544 540 39,
577 491 647 531 21.

197 545 448 602 poenalis:
479 559 564 589 uos
595 545 858 601 perducunt
887 559 996 602 poe·

257 604 389 649 nali*
419 603 675 648 barathro*
708 609 747 659 1,
781 609 852 658 34,
887 609 956 648 10.

198 663 450 720 polliceor
511 662 731 719 quoniam
794 663 998 708 securior

258 721 379 766 uiuis
412 727 454 776 2,
486 726 558 776 31,
591 726 632 765 4.

198 781 368 838 polus:
400 782 629 826 rectorem
659 780 758 838 poli
797 780 997 826 inridere

262 846 301 895 1,
335 845 406 896 28,
442 845 509 885 10.
567 840 682 897 (qui)
715 839 868 885 sidera
897 840 999 897 poli

258 898 482 944 tractauit
515 905 555 955 1,
589 905 629 954 7,
663 904 704 944 5.

199 970 409 1016 pompa:
459 958 627 1003 Zabuli
670 973 716 1015 p.
763 963 812 1013 2,
848 962 924 1014 18,
956 963 998 1002 4.

262 1022 331 1072 19,
366 1023 436 1062 16.
484 1033 528 1074 p.
562 1017 738 1063 funeris
769 1023 812 1072 2,
838 1022 909 1062 33.
956 1022 998 1072 2,

261 1082 340 1131 33,
375 1082 414 1120 1.
486 1075 641 1122 animo
689 1090 783 1121 non
827 1090 1003 1134 pompa

262 1135 455 1180 dolere*
486 1141 528 1190 2,
561 1141 632 1191 32,
665 1141 706 1180 3.

202 1206 423 1251 pomum:
455 1195 624 1239 uitalia.
639 1208 780 1251 poma
800 1198 921 1248 1,35,
934 1199 1004 1239 10.

203 1265 413 1310 ponere:
444 1253 494 1297 in
516 1254 711 1298 uulnera
733 1253 875 1310 positi
901 1255 949 1310 (i.
967 1268 1003 1298 e.

262 1314 343 1370 qui
353 1313 595 1357 uulnerari
598 1313 810 1369 possunt)
830 1317 870 1366 1,
882 1317 922 1366 7,
935 1318 1004 1359 11.

203 1371 412 1429 portare
461 1373 543 1428 (==
574 1373 728 1428 ferre):
778 1371 1003 1416 auxilium

262 1445 308 1488 p.
343 1436 383 1486 1,
416 1435 487 1485 21,
519 1435 561 1475 s.

205 1490 498 1547 portentum
532 1494 571 1545 1,
605 1494 675 1544 22,
710 1494 750 1535 6.

205 1548 675 1605 postmodum1‚2,9.
704 1554 824 1603 11,3.
850 1553 1003 1602 21,10.

205 1606 523 1664 praecipere:
566 1622 758 1663 ymnum
797 1607 1004 1664 proferre

266 1665 510 1723 praecepit
558 1672 598 1720 1,
630 1670 708 1720 35,
741 1671 812 1710 22.
874 1680 1006 1722 prae-

267 1724 396 1781 cepit
417 1726 466 1769 te
492 1725 646 1769 ornari
669 1729 845 1779 2,19,2.
887 1725 1007 1770 tales

267 1786 397 1841 pasci
454 1784 697 1841 praecepit
757 1789 806 1839 2,
846 1789 925 1839 37,
966 1789 1007 1831 5.

267 1843 508 1899 praecepit
543 1855 627 1900 per
664 1843 819 1900 legem
849 1843 1007 1888 uiuere

269 1906 311 1956 2,
346 1907 385 1956 1,
418 1905 459 1945 5.

209 1971 414 2017 praeco:
445 1960 534 2006 Dei
550 1974 804 2017 praecones
824 1966 866 2016 2,
882 1966 951 2016 19,
965 1965 1006 2004 8.

267 2018 467 2063 buccina
496 2033 780 2076 praeconum
811 2025 852 2075 2,
874 2025 947 2075 35,
965 2025 1006 2064 5.

210 2077 562 2135 praeconium:
636 2078 812 2135 Legem
870 2080 1007 2122 tanto

269 2136 518 2193 praeconio
571 2136 719 2182 latam
772 2141 822 2191 2,
857 2141 933 2192 15,
968 2143 1007 2182 1.

271 2194 520 2251 praeconio
551 2197 686 2240 tanto
712 2196 944 2241 clamante
966 2201 1007 2251 2,

273 2258 344 2308 20,
379 2259 447 2298 13.

212 2326 542 2384 praecordia*
573 2332 616 2382 2,
650 2333 720 2383 29,
753 2333 794 2373 4.

212 2399 600 2457 praedicere:.in
624 2401 854 2447 occisione
877 2414 1011 2458 prae-

276 2458 390 2504 dicti
421 2463 463 2513 2,
496 2462 567 2513 25,
602 2464 671 2504 11.

215 2531 480 2588 praenasci
515 2538 552 2586 1,
572 2538 613 2586 6,
633 2538 700 2577 13.
735 2547 790 2577 ex
815 2533 1013 2578 Saturno

277 2591 500 2646 pronatus
536 2596 575 2644 1,
611 2596 680 2646 10,
716 2597 753 2636 1.

216 2663 502 2720 praescire:
533 2664 862 2721 praesciisset*
894 2678 1015 2709 mor-

275 2724 373 2767 tem
406 2728 445 2777 1,
481 2728 550 2777 11,
582 2728 652 2767 22.

217 2792 479 2838 praesens:
511 2781 572 2825 ad
602 2796 670 2838 pr.
706 2787 747 2835 2,
781 2787 852 2837 24,
887 2787 954 2826 13.

217 2840 610 2896 praesentaneus
645 2846 683 2894 1,
717 2845 757 2895 8,
792 2846 831 2885 1.

1099 382 1158 413 ne
1197 369 1421 426 superbus
1459 383 1555 414 esse
1593 368 1762 414 dicaris
1794 375 1836 425 2,

1102 433 1172 482 31,
1205 433 1247 472 3.

1041 486 1267 544 praesto:
1299 489 1353 532 ut
1382 488 1465 532 tuo
1497 487 1672 545 populo
1702 501 1834 545 prae-

1102 547 1174 590 sto
1208 547 1269 590 sis
1300 551 1342 601 2,
1376 551 1445 601 12,
1479 551 1520 591 8.

1042 616 1384 662 praesumere:
1416 605 1548 650 lucra
1575 604 1835 662 praesumis

1105 669 1145 718 1,
1178 669 1249 719 32,
1282 669 1323 710 5.

1043 723 1329 780 prandium:
1370 725 1533 779 (quem)
1565 723 1624 767 ad
1653 737 1722 779 pr.
1755 722 1838 766 du-

1104 795 1181 826 cas
1210 787 1253 836 2,
1271 786 1342 837 20,
1360 787 1430 826 22.
1462 782 1662 839 prandia
1691 781 1752 826 ab
1776 794 1838 825 eo

1103 840 1331 898 prospice,
1364 840 1445 897 qui
1475 845 1570 886 cett.
1604 846 1646 894 2,
1678 845 1750 896 20,
1769 843 1837 885 15.

1103 900 1304 957 prandia
1333 899 1533 956 sumpsit
1562 904 1604 954 2,
1637 903 1708 954 20,
1743 904 1812 944 16.

1045 958 1352 1016 prauitatem
1393 957 1557 1003 mundi
1599 959 1844 1015 sequentes

1107 1023 1150 1073 2,
1184 1023 1252 1072 19,
1285 1023 1326 1064 4.

1047 1088 1300 1134 premere:
1346 1090 1509 1134 pacem
1547 1075 1598 1119 in
1637 1076 1748 1120 orbe
1795 1076 1843 1129 et

1107 1135 1244 1181 ruina
1272 1136 1445 1193 premit
1475 1140 1517 1190 2,
1550 1139 1622 1189 25,
1655 1139 1695 1178 2.
1752 1135 1844 1178 ter-

1108 1208 1262 1240 rorem
1292 1207 1502 1252 premere
1536 1199 1577 1248 2,
1610 1198 1681 1247 26,
1713 1199 1754 1236 4.

1049 1266 1197 1311 prex:
1228 1254 1422 1299 fundere
1453 1266 1614 1310 preces
1646 1257 1688 1306 2,
1713 1256 1784 1306 35,
1803 1256 1842 1295 3.

1047 1313 1511 1429 priiffiiss‘feaflffla
1523 1315 1686 1413 12'1315’
1703 1315 1790 1413 1¹8⁵·

1287 1405 1299 1417 .
1449 1406 1460 1415 .
1551 1404 1562 1425 ,
1656 1404 1667 1424 ,
1761 1404 1771 1414 .

1048 1430 1363 1489 primitiuuse
1397 1430 1673 1487 (=primus)
1704 1429 1844 1472 homo

1108 1505 1177 1547 pr.
1213 1495 1252 1545 1,
1285 1493 1356 1545 35,
1391 1495 1461 1533 11.
1511 1487 1738 1546 primitiui
1768 1487 1844 1531 de-

1111 1549 1237 1606 cepti
1269 1554 1308 1603 1,
1340 1554 1412 1602 41,
1448 1552 1517 1602 15,
1550 1548 1607 1602 cf.
1642 1550 1845 1601 1,41,15.

1050 1608 1300 1664 primordi
1328 1608 1405 1652 lex
1438 1613 1478 1661 1,
1510 1610 1582 1661 35,
1617 1610 1685 1649 12.

1050 1667 1303 1723 primores
1335 1668 1383 1710 et
1413 1666 1552 1710 duces
1583 1669 1624 1718 2,
1658 1670 1698 1718 1,
1731 1668 1801 1707 43.

1052 1725 1359 1782 principium
1391 1726 1466 1782 (=
1476 1723 1788 1781 principatus)
1806 1726 1847 1776 2,

1113 1789 1184 1839 39,
1217 1790 1258 1829 2.

1053 1843 1219 1900 prisce
1251 1849 1293 1898 2,
1327 1848 1368 1897 6,
1401 1848 1441 1888 8.

1052 1902 1261 1959 priuare
1291 1903 1366 1947 de:
1397 1903 1582 1958 patrem
1613 1899 1671 1943 de
1700 1910 1844 1956 regno

1112 1961 1321 2018 priuauit
1352 1966 1392 2015 1,
1424 1964 1466 2014 5,
1499 1964 1540 2003 2.
1756 1998 1759 1999 .

1053 2031 1168 2076 pro:
1184 2034 1270 2076 pro
1285 2019 1461 2064 foribus
1480 2022 1601 2073 1,37,
1615 2020 1657 2062 8.
1682 2017 1849 2080 2,3,18.

1054 2078 1287 2135 probatio
1322 2084 1361 2132 1,
1394 2083 1465 2131 22,
1500 2082 1567 2120 10.

1054 2137 1391 2194 proclamare:
1435 2133 1625 2191 sanguis
1666 2132 1850 2189 procla-

1114 2195 1264 2239 mauit
1307 2196 1358 2239 in
1402 2194 1551 2238 altum
1601 2198 1641 2246 1,
1674 2196 1745 2245 26,
1778 2196 1848 2236 31.

1116 2254 1467 2299 Testamentum
1490 2252 1637 2296 Vetus
1667 2249 1851 2307 procla-

1115 2315 1216 2358 mat
1245 2313 1303 2357 de
1333 2312 1416 2356 illo
1451 2317 1490 2366 1,
1509 2314 1579 2363 25,
1600 2313 1669 2353 14.
1702 2309 1851 2353 Deum

1116 2372 1411 2428 proclamans
1446 2376 1486 2424 1,
1518 2374 1590 2423 29,
1625 2373 1694 2412 19.

1058 2431 1352 2488 procedere:
1412 2427 1640 2486 processit
1683 2439 1757 2470 res
1803 2426 1853 2469 in

1117 2503 1239 2534 uano
1271 2489 1329 2533 de
1358 2487 1594 2533 uetustate
1629 2491 1668 2539 1,
1688 2490 1757 2538 17,
1781 2488 1849 2529 15.

1118 2562 1241 2593 mors
1285 2547 1408 2591 unde
1454 2544 1678 2603 processit
1717 2545 1790 2587 et.
1810 2578 1820 2587 .
1840 2576 1851 2588 .

1118 2607 1226 2652 inde
1241 2606 1493 2663 procedere
1507 2603 1656 2648 uitam
1674 2608 1713 2657 1,
1728 2606 1799 2656 36,
1812 2606 1852 2644 1.

1117 2665 1300 2710 frenum
1330 2662 1612 2721 procedere*
1641 2660 1778 2717 Legis
1810 2663 1852 2713 2,

1123 2730 1192 2779 17,
1209 2730 1250 2770 4.
1298 2722 1545 2780 procedere
1574 2719 1663 2764 Dei
1692 2720 1855 2763 sancta

1122 2788 1171 2837 2,
1205 2789 1275 2837 19,
1309 2788 1347 2827 7.
1397 2808 1452 2814 —
1498 2781 1575 2824 lex
1621 2778 1678 2822 de
1723 2777 1851 2834 ligno

1120 2841 1344 2898 processit
1377 2847 1416 2895 1,
1449 2844 1519 2895 35,
1554 2842 1622 2883 14.
