2010 3220
222 188 367 232 XLVI
855 186 1215 232 PRAEFATIO.

221 306 424 359 Latius.
464 306 804 375 'Montpellier
842 324 887 359 a.
931 305 1087 373 1875,
1123 325 1174 374 p.
1219 306 1309 374 19)
1349 306 1491 358 edito
1533 325 1593 359 ac
1630 307 1858 372 Kastris,

220 379 396 432 Kauis
434 379 625 432 iisdem
665 380 891 433 afiorum
932 379 1191 431 eiusmodi
1231 379 1525 432 carminum
1563 381 1695 434 locis
1726 381 1856 450 legi·

220 456 323 504 tur.
368 482 429 490 —
472 471 524 505 ιι.
567 453 648 506 15.
695 453 782 505 ille
822 451 986 519 Oehl„
1032 452 1113 504 illi
1152 451 1249 504 AB
1290 451 1404 504 edd.
1444 482 1512 489 -
1555 472 1613 506 ιι.·
1648 454 1731 507 18.
1778 455 1857 507 ui-

222 601 337 636 uere
362 584 492 653 edd„
523 537 782 637 ἴῖἔφῗὲᾋΒ.
823 613 892 621 -
931 602 982 635 ιι.
1011 583 1092 638 19.
1131 584 1387 638 culturam
1425 583 1483 653 L,
1520 585 1722 638 moltura
1745 584 1860 655 AB,

224 658 453 710 culturas
492 657 606 711 edd.
650 687 712 694 —-
753 656 869 722 fata
906 655 1003 709 AB
1029 655 1142 708 edd.
1173 660 1385 724 praeter
1408 656 1559 726 Dau„
1600 659 1690 728 qui
1725 658 1859 723 fana

228 730 363 783 coni.
402 759 473 768 -κ
513 749 561 782 ιι.
601 731 688 782 21.
735 730 918 782 Xauta
958 727 1095 843 (ibe.
1134 728 1343 844 sanet?
1376 730 1505 800 edd,
1545 677 1758 783 &aucta
1795 730 1857 816 Β,

1052 813 1130 844 eus
1303 814 1342 843 ei

224 859 418 913 Sancta
456 860 522 913 A.
566 892 627 898 —
671 861 775 914 Dei
814 861 949 929 edd„
1001 860 1105 913 Dei
1142 861 1214 929 A,
1269 863 1389 914 (leus
1426 861 1488 913 Β.
1532 891 1594 898 -
1637 863 1766 914 duat
1799 861 1858 930 L,

221 933 333 976 dicit
511 933 636 976 docet

223 994 361 1046 docet
397 992 462 1061 A,
512 994 635 1046 dicit
670 992 732 1061 B,
778 994 916 1046 docet
952 992 1090 1062 edd.;
1129 991 1194 1045 cf.
1232 1010 1370 1045 uarr.
1410 993 1552 1047 lectt.
1597 994 1643 1060 1,
1685 994 1769 1061 14,
1811 995 1860 1061 7,

224 1083 327 1135 quo
367 1066 485 1119 loco
526 1066 713 1119 eadem
742 1066 854 1119 fere
894 1064 1056 1118 dictio
1089 1065 1173 1119 his
1205 1066 1384 1118 uerbis
1415 1066 1697 1134 repetitur:
1740 1066 1858 1135 ‘qui

222 1142 348 1207 post
386 1142 615 1193 mortem
653 1139 836 1192 uiuere
876 1137 1046 1190 duat'.
1121 1138 1386 1207 Equidem
1426 1157 1520 1191 cur
1557 1139 1717 1194 lectio
1752 1139 1856 1191 ‘di-

222 1211 321 1265 cit'
368 1213 535 1264 uerbo
584 1211 793 1265 ‘docet'
841 1212 930 1264 uel
978 1210 1180 1265 ‘docet'
1233 1231 1284 1266 u.
1333 1211 1517 1265 ‘dicit'
1569 1214 1858 1280 explicetur

219 1303 332 1337 non
370 1285 640 1354 intellego.
719 1283 831 1337 Sed
871 1284 1091 1352 adparet
1136 1287 1191 1336 et
1228 1286 1352 1338 dicit
1389 1288 1443 1337 et
1480 1287 1619 1338 docet
1655 1286 1856 1354 glosse-

221 1361 368 1410 mata
415 1376 530 1410 esse
576 1358 824 1410 lectionis
873 1358 1136 1427 genuinae
1174 1359 1321 1422 duat,
1376 1376 1511 1426 quae
1548 1359 1606 1410 in
1645 1360 1758 1411 diat
1795 1377 1857 1411 ac

221 1431 410 1482 deinde
449 1432 505 1482 in
542 1432 669 1484 dicit
705 1434 956 1499 corrupta
995 1434 1091 1483 est.
1134 1461 1197 1467 —
1239 1449 1289 1482 ιι.
1329 1431 1414 1484 22.
1464 1432 1601 1485 solus
1639 1431 1685 1484 Β
1727 1431 1857 1500 edd,

219 1505 366 1557 solua
403 1504 468 1557 A.
508 1533 578 1542 —-
617 1523 667 1557 u.
708 1505 794 1559 23.
831 1505 1127 1558 Zabolicam
1170 1520 1231 1541 —·
1276 1505 1434 1558 uitate
1473 1505 1583 1557 cod.
1610 1503 1705 1557 Sti.
1730 1504 1855 1558 Alb.

219 1580 358 1629 teste
397 1576 619 1629 Baluzio
660 1577 728 1628 ad
758 1576 1004 1631 Lactant.
1044 1577 1108 1629 de
1138 1576 1297 1632 Mort.
1322 1577 1526 1631 Persec.
1555 1579 1645 1648 165
1682 1595 1856 1647 neque

222 1650 545 1704 dissentiunt
584 1649 696 1702 AB.

370 1750 464 1823 36)
504 1752 587 1805 De
624 1753 994 1806 crucistultitia.
1037 1782 1098 1790 ——
1144 1753 1314 1806 crucis
1351 1752 1582 1806 stultitia
1619 1752 1716 1806 AB
1742 1753 1855 1806 edd.

219 1829 435 1894 praeter
474 1825 646 1894 Oehl.,
699 1826 790 1895 qui
844 1826 1160 1878 crucietultia
1222 1826 1591 1879 acrostichidis
1647 1825 1856 1878 ratione

220 1898 407 1951 habita
445 1902 588 1952 recte
626 1899 879 1952 restituit.
917 1930 989 1935 —
1027 1917 1076 1951 ιι.
1115 1899 1164 1952 2.
1211 1901 1377 1952 uitam
1416 1898 1546 1965 edd„
1591 1900 1705 1951 uita
1742 1898 1856 1953 AB.

227 2001 290 2009 —
333 1990 382 2023 u.
422 1972 472 2025 3.
519 1973 794 2026 stultitiam
828 1972 958 2037 facit
992 1970 1059 2040 L,
1096 1973 1318 2024 stultitia
1352 1972 1439 2037 fac
1476 1971 1598 2040 AB,
1635 1972 1858 2024 stultitia

222 2045 366 2108 faeta
403 2049 476 2098 est
514 2045 627 2098 edd.
668 2072 736 2083 --
776 2045 1036 2098 adulterae
1058 2044 1188 2112 edd„
1226 2045 1447 2097 adulteri
1468 2043 1582 2099 AB.
1625 2073 1688 2082 -
1731 2063 1780 2096 u.
1805 2045 1856 2095 4.

618 2128 790 2172 yreqem
931 2127 1104 2159 crucem

220 2192 416 2228 crucem
441 2175 568 2240 edd„
607 2191 803 2228 crucem
825 2175 891 2243 A,
924 2192 1123 2244 yreyem
1146 2173 1207 2227 B.
1243 2205 1306 2212 —-
1349 2175 1488 2227 diros
1525 2174 1661 2229 Dau.
1687 2173 1857 2245 Oehl,

220 2250 366 2301 clirus
403 2247 499 2300 AB
523 2247 643 2316 Rig.
684 2276 752 2286 »-
792 2267 840 2302 ιι.
867 2249 913 2301 5.
953 2265 1089 2301 nunc
1118 2247 1216 2300 AB
1240 2247 1359 2317 Rig.
1386 2246 1551 2316 Oehl.,
1590 2265 1695 2300 uon
1717 2248 1856 2301 Dan.

226 2351 288 2358 —
331 2322 539 2373 credaut
573 2319 619 2372 B
646 2321 775 2389 edd„
813 2322 1013 2374 credam
1051 2322 1116 2373 A.
1157 2351 1226 2359 —-
1267 2338 1294 2373 ο
1316 2321 1464 2374 stulti
1500 2320 1545 2372 B
1583 2321 1711 2390 edd,
1750 2338 1855 2374 uon

220 2399 277 2447 st.
316 2395 382 2462 A,
410 2411 510 2461 pro
533 2399 591 2448 st.
630 2393 894 2447 Roensch.
931 2425 992 2431 —
1035 2414 1085 2450 u.
1104 2395 1151 2447 6.
1190 2395 1468 2447 innocuum
1506 2393 1571 2463 A,
1612 2395 1855 2447 iumoiem

220 2468 306 2518 uel
345 2468 586 2519 imnoiem
622 2466 693 2534 B,
739 2468 990 2520 iuniorem
1030 2467 1142 2521 edd.
1186 2497 1249 2504 —
1300 2468 1471 2519 occisit
1505 2466 1626 2536 AB,
1674 2468 1855 2520 occidit

222 2540 334 2592 edd.
375 2570 445 2576 —
485 2559 536 2591 u.
562 2541 609 2592 7.
658 2540 837 2594 Enoch
877 2540 1006 2609 edd„
1052 2540 1197 2593 uchel
1234 2538 1345 2591 ΑΒ.
1389 2570 1450 2577 -
1494 2541 1685 2594 suboles
1724 2539 1855 2607 edd„

221 2614 409 2667 subolis
447 2612 559 2665 ΑΒ.
603 2642 667 2651 -
710 2612 938 2666 Cainaea
977 2613 1106 2682 edd„
1144 2613 1428 2665 chananaei
1466 2611 1580 2665 AB.
1618 2643 1691 2650 ——
1728 2631 1778 2664 ιι.
1805 2613 1852 2664 8.

222 2715 308 2768 Sic
327 2733 486 2783 yenus
507 2716 743 2782 iniquum
766 2714 824 2782 L,
863 2714 950 2769 Sic
1029 2715 1183 2783 yclzas
1223 2687 1475 2784 (genas?)
1515 2715 1749 2782 iniquum
1788 2713 1855 2778 A,

222 2790 295 2842 sic
327 2806 484 2856 qeuas
521 2790 756 2855 iniquum
794 2756 1104 2857 1⁷3,s.9en3
1141 2790 1322 2855 iniqua
1363 2788 1476 2841 edd.
1519 2818 1582 2826 —-
1625 2789 1761 2854 quod
1794 2786 1854 2850 L,
