2010 3220
205 203 275 257 22
825 203 1218 250 COMMODIANI

206 323 257 380 G
288 342 383 378 ens
393 366 407 394 ,
446 325 635 394 homo,
674 329 736 378 tu
773 324 958 394 frasser,
995 326 1108 379 noli
1145 342 1307 395 pecus
1349 336 1465 378 esse
1503 325 1760 397 ferinum,
1821 340 1847 381 5

201 398 248 452 E
283 416 377 451 rue
417 400 470 451 be
508 398 727 451 tandem
766 400 824 451 eis
857 402 1038 451 tecum
1075 399 1191 468 ipse
1229 401 1483 452 retracta:

206 472 252 526 N
288 489 359 525 on
396 472 583 541 utique
620 489 782 540 pecus
820 489 921 525 nee
959 472 1158 541 bestia,
1198 473 1290 525 sed
1326 473 1488 526 homo
1528 476 1711 542 natuS,

205 546 252 599 Τ
287 565 323 598 u
360 548 415 598 sse
453 546 569 614 ipse
608 545 768 599 doma
808 546 1021 614 sapiens
1063 549 1117 598 et
1152 546 1298 599 intra
1337 546 1435 599 sub
1477 564 1639 600 arma.

204 619 239 673 I
289 619 435 689 dola,
473 636 610 688 quae
650 619 909 689 sequeriS‚
948 619 1085 672 nihil
1122 619 1228 672 nisi
1266 620 1481 673 uanitas
1522 622 1655 673 aeui.

201 691 249 745 11
284 693 404 746 euia
442 710 540 746 uos
581 692 743 745 eorda
780 693 1079 761 perducuni:
1116 693 1335 762 poenali
1372 693 1647 747 baraizhro.
1794 708 1847 749 10

200 766 236 819 I
284 766 342 819 bi
381 783 592 834 aurum,
631 769 831 836 uestes,
870 769 1155 836 argentum
1195 767 1340 820 ulnis
1379 766 1625 835 refertur,

202 839 253 893 Β
287 841 482 892 ellatur
520 839 597 892 ibi
605 881 620 908 ,
658 840 783 893 dein
821 842 1072 893 cantatur
1109 858 1207 909 pro
1246 840 1472 909 psalmis
1513 858 1686 894 amor:

201 913 254 967 U
284 914 418 967 itam
456 930 574 967 esse
612 916 795 983 putas,
832 914 926 966 ubi
964 914 1098 983 ludi,
1137 917 1231 966 aut
1266 914 1530 983 prospieis
1569 914 1697 967 ista:

206 984 245 1040 S
285 987 493 1057 ortiriS,
530 987 743 1057 ignare,
782 987 1071 1057 exstincta,
1111 1005 1271 1040 aurea
1309 988 1535 1056 quaeris.

199 1133 234 1186 I
283 1133 388 1186 nde
426 1151 538 1187 non
579 1134 797 1204 effugies
835 1137 1064 1204 pestem,
1101 1134 1228 1187 licei]
1266 1134 1381 1204 ipse
1422 1134 1650 1188 diuinus,
1788 1149 1841 1189 15

204 1205 255 1261 G
285 1208 502 1276 rafiam,
540 1226 702 1277 quam
740 1208 888 1261 misii:
924 1207 1188 1261 Dominus
1226 1208 1286 1260 in
1322 1210 1468 1261 terra
1506 1209 1805 1279 legendam,

201 1281 249 1334 N
287 1299 358 1333 on
396 1281 622 1350 requiris
663 1299 803 1351 eam,
841 1281 936 1335 sed
974 1282 1051 1336 sie
1091 1281 1246 1352 quasi
1284 1281 1489 1334 beshius
1530 1300 1691 1336 erras,

200 1353 251 1409 A
283 1373 412 1408 urea
450 1372 546 1423 per
582 1355 697 1407 fata
734 1355 887 1407 uenis
926 1355 1025 1407 tibi
1065 1355 1261 1422 saecla,
1302 1355 1347 1407 si
1386 1355 1578 1422 erediS‚

199 1428 254 1481 R
283 1446 441 1481 ursus
480 1431 542 1481 ut
579 1428 805 1497 incipias
844 1429 1149 1482 immortale
1186 1429 1368 1481 uiuere
1407 1446 1630 1498 semper.

201 1501 236 1555 I
285 1501 399 1554 llud
438 1519 648 1572 quoque
689 1502 848 1556 datur
888 1502 1042 1571 seire,
1083 1502 1226 1572 quod
1264 1505 1391 1555 ante
1428 1502 1604 1555 fuisti:
1785 1517 1841 1557 20

201 1572 241 1629 S
281 1576 555 1628 ubieetum
592 1578 647 1629 te
685 1577 880 1645 praebe
921 1574 1059 1644 Deo,
1098 1576 1190 1645 qui
1230 1578 1422 1629 cuneta
1461 1576 1743 1646 gubernat.

926 1792 1111 1838 XXXV.

472 1898 571 1953 DE
611 1898 834 1954 LIGNO
873 1897 1101 1952 VITAE
1140 1898 1237 1951 ET
1276 1896 1564 1954 MORTIS.

199 2016 251 2071 A
283 2017 405 2071 dam
443 2018 795 2086 protolapsus.
828 2019 890 2069 ut
927 2016 1032 2069 Dei
1067 2019 1353 2085 praecepta
1389 2016 1612 2085 uitaret,

199 2091 250 2144 B
284 2091 414 2143 elias
455 2093 699 2143 seruatus
737 2090 844 2143 fuit
883 2089 948 2142 de
987 2089 1195 2142 inuidia
1231 2089 1458 2157 palmae,

201 2163 243 2219 G
283 2164 569 2218 ontulisset
605 2163 763 2217 nobis
804 2180 898 2216 seu
937 2163 1065 2216 boni
1106 2180 1199 2215 seu
1237 2162 1368 2215 mali
1407 2162 1549 2231 quod
1589 2163 1700 2232 egit

200 2236 253 2290 l)
286 2257 358 2290 ux
394 2237 726 2306 natiuitatiS,
766 2235 1049 2307 (morimur
1087 2235 1334 2305 idemque
1372 2252 1469 2304 per
1507 2236 1659 2287 illum
1667 2234 1705 2304 ,)

199 2311 246 2365 Ε
282 2331 317 2364 x
356 2311 540 2364 diuino
579 2311 718 2380 ipse,
758 2313 815 2363 at
853 2310 1103 2364 recedens
1142 2310 1265 2362 exul
1302 2307 1476 2366 factus
1515 2327 1547 2361 a
1585 2310 1766 2363 uerbo.
1813 2321 1838 2362 5

202 2384 250 2438 F
283 2384 429 2437 initis
470 2402 563 2437 sex
602 2384 820 2437 milibus
860 2383 1017 2436 annis
1056 2382 1386 2436 immortales
1427 2382 1639 2436 erimus,

203 2455 255 2511 G
286 2460 468 2511 ustato
506 2458 656 2526 pomi
693 2457 844 2527 ligno
883 2475 1030 2511 mors
1066 2456 1293 2509 intrauit
1330 2455 1388 2507 in
1427 2455 1632 2508 orbem:

197 2531 257 2584 Η
285 2549 348 2584 oe
386 2530 537 2600 ligno
576 2531 770 2584 mortis
805 2547 1125 2600 quaeramus
1163 2529 1335 2582 ustam
1374 2528 1623 2582 fuizuram.

197 2603 233 2657 Ι
281 2623 320 2657 n
357 2605 511 2675 ligno
551 2603 742 2673 pendiiz
777 2604 894 2657 uita
929 2603 1108 2656 ferens
1145 2619 1332 2671 poma,
1368 2606 1677 2672 praecepta:

199 2672 256 2730 K
286 2678 434 2746 apite
470 2694 613 2731 nune
651 2678 844 2730 uitalia
881 2695 1042 2746 poma
1080 2675 1370 2729 eredentes.
1781 2688 1835 2729 10

197 2749 244 2802 L
279 2768 344 2804 ex
383 2769 415 2804 a
451 2750 602 2821 ligno
643 2750 770 2803 data
807 2753 889 2804 est
926 2749 1134 2803 homini
1173 2749 1447 2818 primitiuo
1486 2749 1747 2815 timenda,

197 2822 254 2876 M
278 2842 366 2878 ors
404 2824 544 2877 unde
582 2825 833 2892 prouenit
868 2824 1118 2893 neglecta
1155 2822 1312 2892 Lege·
1337 2821 1616 2891 primordi:
