2032 3220
94 262 96 265 ¹
198 209 265 254 VI
836 202 1193 248 PRAEFATIO.

202 327 363 396 dem',
415 326 611 395 inquit,
667 324 1079 394 ‘longobardico
1128 323 1457 391 charactere,
1510 322 1837 375 intermixtis

199 406 383 455 tamen
429 399 669 468 apicibus
722 397 998 466 francicis3
1054 399 1108 450 et
1161 397 1228 449 iis
1281 396 1486 465 passim
1532 395 1839 465 inspersum

200 475 406 528 mendis
432 473 624 543 quibus
650 474 861 525 scatent
882 472 1008 524 libri
1039 488 1173 524 aeuo
1198 469 1455 524 Carolino
1489 469 1839 539 antiquiores3

202 551 291 602 sic
345 566 468 601 uno
524 549 748 599 tenore
795 547 1152 613 exaratum,
1205 547 1274 596 ut
1326 544 1415 596 uel
1459 544 1519 596 in
1565 561 1628 596 ea
1673 546 1842 612 parte,

202 640 337 692 quae
370 620 609 674 carmina
642 619 897 687 continet,
935 619 1115 671 nulla
1148 618 1234 670 sit
1266 618 1630 686 uerborum,
1661 617 1842 669 nulla

199 713 494 748 uersuum
534 693 896 761 distinctio;
947 692 1139 745 ....in
1180 710 1284 760 quo
1323 692 1539 744 inerant
1578 691 1843 744 nonnulla

201 769 319 822 DD.
344 767 640 838 Augustini
672 769 725 819 et
756 765 1077 836 Hieronymi
1109 782 1295 833 opera:
1334 765 1427 818 fol.
1451 765 1507 834 I.,
1546 763 1843 835 Augustini

201 843 265 895 de
290 842 434 896 Vera
470 841 733 910 religione
774 844 934 893 etc...
1022 838 1252 892 Deinde:
1894 837 1896 839 ’

274 915 473 984 Incipit
512 917 890 984 argumentum
914 912 1211 984 Augustini
1243 912 1479 981 episcopi
1512 912 1579 965 ad
1603 911 1841 981 Aypium

274 989 585 1058 episcopum
626 985 743 1057 (fol.
786 986 987 1059 182r0).
1065 986 1151 1040 Sic
1190 987 1448 1055 inscripto
1487 986 1591 1039 hoc
1629 986 1804 1055 titu10,

199 1066 411 1117 caetera
465 1062 679 1131 desunt,
733 1062 931 1131 pagina
984 1078 1178 1129 uacua3
1240 1078 1397 1113 uerso
1454 1061 1634 1112 autem
1686 1059 1833 1129 folio,

200 1138 336 1190 sine
369 1136 502 1188 ulla
534 1137 641 1188 aut
673 1135 957 1188 auctoris
991 1137 1100 1187 aut
1131 1134 1345 1203 operis
1377 1133 1838 1202 inscriptione,

199 1211 424 1278 abrupte
462 1209 757 1278 incipiebat
795 1226 916 1261 cum
954 1207 1235 1262 incondita
1275 1210 1328 1260 et
1365 1207 1678 1261 indistincta
1712 1207 1836 1260 scri-

199 1283 362 1336 bendi
402 1282 727 1352 stribligine:

277 1356 405 1419 Quis
451 1356 650 1425 poterit
695 1374 861 1408 unum
907 1356 1120 1425 proprie
1158 1354 1334 1407 Deum
1373 1372 1534 1408 nosse
1574 1355 1843 1407 coelorum

279 1431 386 1482 nisi
427 1447 586 1499 quem
623 1430 708 1482 his
748 1430 933 1482 tulerit
965 1430 1032 1482 ab
1066 1447 1242 1482 errore
1274 1428 1523 1482 nefando.
1575 1428 1842 1481 Errabam

277 1505 499 1574 ignarus
540 1504 783 1572 spatians
825 1521 918 1572 spe
959 1506 1171 1572 captus.
1199 1546 1209 1556 .
1237 1501 1295 1555 .-'.

207 1578 340 1630 Inde
380 1595 412 1629 a
450 1594 611 1629 uersu
651 1577 760 1629 974
809 1577 875 1629 ad
913 1577 1076 1630 finem
1115 1576 1434 1629 membrana
1471 1578 1742 1629 uetustate
1782 1593 1844 1629 ac

203 1651 421 1704 madore
462 1650 593 1703 adeo
634 1668 851 1703 corrosa
890 1653 986 1719 est,
1027 1650 1114 1703 ‘ut
1151 1650 1421 1703 interdum
1460 1649 1537 1701 nil
1574 1649 1682 1702 nisi
1721 1667 1843 1702 eua-

199 1724 385 1777 nidum
425 1723 641 1778 exstet'.
695 1723 761 1775 In
801 1724 1092 1793 appendice
1132 1723 1381 1776 editionis
1423 1721 1473 1793 (I
1510 1741 1561 1791 p.
1579 1723 1684 1776 537
1706 1721 1843 1794 sqq.)

199 1798 350 1851 Pitra
390 1797 596 1851 addidit
635 1798 910 1867 specimen
942 1798 1184 1850 criticum
1214 1796 1491 1849 Duebneri
1522 1796 1843 1850 lectionibus

203 1874 432 1925 auctum.
517 1870 621 1924 Sex
669 1873 849 1923 autem
895 1871 1051 1924 annis
1098 1872 1226 1939 post
1273 1888 1434 1939 quam
1485 1870 1648 1923 editio
1697 1871 1845 1939 prin-

204 1963 327 2014 ceps
367 1945 586 2014 prodiit,
624 1945 766 1997 idem
805 1945 890 1997 uir
928 1945 1272 1998 doctissimus
1311 1944 1370 1996 in
1410 1941 1657 2013 Spicileg.
1697 1947 1734 1997 t.
1765 1943 1846 1996 IV

204 2038 256 2087 p.
304 2018 411 2071 227
440 2036 553 2087 sqq.
630 2016 900 2071 Carminis
963 2017 1309 2087 Apologetici
1371 2020 1535 2085 caput
1593 2018 1844 2069 ultimum

204 2090 352 2160 (inde
393 2109 424 2142 a
461 2110 511 2143 u.
540 2090 682 2143 1014
721 2091 788 2143 ad
819 2110 870 2143 u.
899 2089 1065 2161 1053)
1106 2090 1304 2143 auxilio
1347 2089 1664 2160 apographi,
1702 2090 1843 2159 quod

204 2165 440 2217 Thomas
471 2164 742 2233 Phillipps
782 2164 972 2217 folium
1010 2164 1259 2217 ultimum
1291 2163 1488 2216 codicis
1510 2162 1843 2216 Mediomon-

201 2238 317 2291 tani
372 2238 786 2307 diligentissime
835 2239 1103 2291 scrutatus
1150 2237 1475 2306 confecerat,
1529 2237 1840 2289 restitutum

201 2311 396 2363 iterum
444 2311 623 2363 edidit.
698 2310 1028 2380 Exoptatum
1068 2328 1196 2364 uero
1235 2310 1486 2363 nuntium
1526 2309 1590 2362 de
1628 2313 1839 2379 reperto

208 2383 583 2437 Commodiani
629 2385 847 2437 nomine
893 2384 1097 2453 attulit,
1152 2384 1303 2437 cuius
1354 2383 1447 2436 uix
1495 2382 1765 2453 fragmina
1815 2401 1843 2435 e

204 2458 516 2510 membrana
539 2458 773 2526 primum
805 2458 1213 2528 recognoscenti
1245 2457 1474 2510 emicare
1505 2456 1841 2509 uidebantur.

204 2531 268 2584 cf.
310 2529 489 2598 Spicil.
527 2533 566 2583 t.
590 2530 682 2584 IV.
724 2531 887 2600 praef.
926 2550 976 2600 p.
1000 2531 1069 2584 H.
1109 2562 1179 2570 —
1221 2529 1415 2584 Secuta
1454 2532 1537 2583 est
1574 2547 1840 2583 commen·

203 2604 342 2657 tatio
380 2604 661 2672 Adolphi
706 2603 928 2673 Ebert,
975 2623 1110 2674 quae
1151 2607 1328 2657 exstat
1365 2604 1423 2656 in
1463 2603 1650 2673 quinto
1690 2604 1840 2656 uolu-

209 2677 356 2729 mine
396 2680 519 2730 actt.
561 2695 665 2732 soc.
689 2678 848 2731 litter.
879 2678 1013 2749 Reg.
1046 2677 1238 2732 Saxon.
1271 2675 1437 2747 (Lips.
1463 2695 1509 2730 a.
1537 2675 1704 2747 1868)
1742 2677 1843 2730 hac

206 2750 576 2820 inscriptione:
641 2750 996 2805 ‘Tertullians
1049 2751 1390 2806 VerhaItniss
1452 2769 1517 2803 zu
1575 2750 1842 2815 Minucius

204 2822 379 2892 Felix,
438 2825 598 2879 nebst
651 2825 827 2878 einem
881 2825 1119 2896 Anhang
1171 2825 1336 2878 ueber
1391 2821 1841 2877 Commodians
