2010 3220
20 851 43 883 β’.

610 211 1115 258 INSTRUCTIONUM
1146 213 1256 258 LIB.
1290 215 1324 260 I.
1749 217 1786 268 9

909 358 1029 405 XIV.

782 461 1159 518 SILVANUS.

151 578 191 635 S
231 581 445 634 iluanus
484 580 626 633 unde
665 580 794 633 deus
833 582 1028 634 iterum
1068 582 1317 651 adparuit
1355 586 1506 636 esse?

137 654 180 707 -I
226 654 330 721 nde
368 654 507 708 forte
546 654 748 724 placet,
787 671 850 707 eo
891 655 1032 724 quod
1070 655 1206 709 bene
1244 656 1424 710 fistula
1461 658 1681 711 cantat?

146 726 192 781 L
229 728 435 799 argitur
473 728 728 798 quoniam
765 727 1014 797 lignum?
1073 727 1216 781 Nam
1253 729 1394 783 forte
1432 748 1545 784 non
1585 735 1740 787 esset.

146 799 196 854 V
226 802 438 854 enalem
477 801 655 854 emisti
694 801 995 855 dominum:
1036 820 1157 855 eum
1196 804 1477 872 empseris,
1516 805 1623 874 illi,

145 873 196 927 A
229 875 396 944 spice,
436 875 615 929 deficit
651 874 883 945 lignum!
924 875 1051 945 quid
1088 876 1170 928 illi
1208 876 1468 930 debetur?
1759 893 1786 932 5

146 947 192 1001 N
229 966 300 1002 on
337 952 391 1003 te
429 949 617 1018 pudet,
657 949 845 1019 stulte,
881 950 1017 1002 tales
1057 950 1280 1003 adorare
1318 950 1582 1004 tabellas?

150 1020 202 1075 U
231 1040 361 1075 num
400 1039 595 1092 quaere
622 1021 812 1091 Deum,
852 1023 943 1092 qui
980 1026 1107 1092 post
1144 1027 1372 1077 mortem
1411 1025 1593 1077 uiuere
1634 1025 1788 1079 duat!

35 1172 37 1174 ·
149 1091 188 1148 S
229 1096 384 1149 eeede
424 1097 492 1149 ab
530 1096 674 1165 istis»,
714 1097 804 1165 qui
844 1100 971 1150 sunt
1008 1097 1316 1150 biothanati
1353 1097 1496 1151 facti.

917 1299 1018 1344 XV.

766 1403 1170 1460 HEROULES.

34 1492 37 1585 ἶ
144 1519 203 1574 ΙΙ
228 1523 430 1575 ercules
470 1522 613 1593 quod
652 1525 954 1576 monstrum
993 1523 1254 1576 Auentini
1292 1523 1492 1576 montis
1531 1523 1696 1592 elisit,

144 1594 191 1648 E
226 1595 419 1649 uandri
458 1597 549 1665 qui
587 1596 779 1650 solitus
819 1601 935 1650 erat
973 1599 1218 1650 armenta
1254 1595 1445 1665 furari,

147 1667 200 1720 R
224 1669 397 1722 ustiea
427 1687 579 1723 mens
611 1670 906 1739 hominum,
944 1671 1190 1724 indocilis
1230 1687 1454 1739 quoque,
1491 1687 1590 1739 pro
1628 1669 1789 1722 laude

151 1740 192 1795 G
226 1761 319 1795 um
357 1743 564 1813 gratias
605 1760 762 1814 agere
800 1745 1026 1812 uellent,
1065 1745 1306 1798 absentis
1345 1743 1608 1797 Tonantis

0 1800 3 1846 ῗ
35 1810 45 1829 ”
145 1814 196 1868 U
230 1820 459 1869 ouerunt
495 1816 705 1870 hostias
744 1817 929 1886 inepto
967 1821 1030 1870 ut
1066 1817 1166 1871 deo
1205 1817 1422 1871 orando.
1757 1829 1786 1868 5

147 1887 193 1940 L
230 1890 486 1943 aetandas
526 1908 648 1944 aras
688 1891 748 1943 in
785 1891 1101 1944 memoriam
1140 1891 1245 1944 sibi
1282 1890 1537 1944 fecerunt.

144 1961 192 2015 Ε
227 1981 261 2015 x
300 1980 363 2016 eo
402 1981 501 2032 pro
539 1963 699 2017 rectis
739 1964 805 2017 de
843 1967 1060 2018 uetusto
1099 1982 1246 2018 more
1286 1964 1547 2017 colantur.

0 2066 3 2112 ς
66 2109 74 2115 ἢ
147 2032 186 2089 S
228 2035 291 2089 ed
331 2036 462 2090 deus
501 2036 588 2091 hio
627 2056 739 2091 non
779 2041 882 2107 est,
919 2038 1046 2092 licet
1082 2037 1188 2091 fuit
1225 2038 1382 2091 fortis
1420 2037 1479 2089 in
1517 2036 1698 2089 armis,

750 2284 752 2287 .
908 2241 1032 2287 XVI.
1339 2277 1346 2283 .

588 2345 687 2399 DE
727 2345 844 2399 DIS
883 2343 1344 2408 DEABUSQUE.

0 2438 3 2533 Ξ
34 2463 37 2502 ἒ
143 2459 363 2516 Dicitis
404 2480 522 2517 esse
561 2462 712 2533 (1608,
753 2464 845 2533 qui
883 2466 1009 2517 sunt
1045 2461 1331 2517 manifeste
1371 2462 1599 2530 cruenti,

144 2534 191 2598 E
225 2539 251 2588 t
288 2535 467 2590 dicitis
506 2536 620 2592 fata.
658 2537 871 2608 genesis
909 2537 1175 2621 escribere
1213 2534 1406 2589 uobis?

142 2679 196 2733 l)
222 2671 346 2734 icite
383 2700 528 2736 nune
566 2700 720 2754 ergo,
759 2684 953 2753 quibus
991 2683 1226 2752 primum
1265 2699 1418 2735 saera
1455 2681 1722 2734 ferantur:

145 2752 179 2806 I
226 2758 348 2807 nter
384 2757 655 2825 utrimque
694 2758 810 2810 uias
849 2775 995 2810 mors
1035 2757 1323 2809 immatura
1361 2757 1602 2823 uagatur.

34 2848 38 2853 ·
147 2824 186 2880 S
225 2827 244 2880 i
282 2828 528 2883 tribuunt
566 2831 682 2883 fata
720 2831 957 2901 genesiS,
995 2848 1087 2883 eur
1126 2829 1282 2882 deum
1315 2826 1516 2881 oratis?
