2010 3220
305 591 309 594 ’
379 630 871 700 ooMMomAM
914 631 1552 703 INSTRUGTIONUM

234 795 393 850 PER
456 795 870 850 LITTERAS
933 794 1323 851 VERSUUM·
1376 798 1682 853 PRIMAS

638 965 858 1012 LIBER
896 965 1283 1013 SECUNDUS.

138 1221 159 1265 Ι
191 1224 247 1265 42
282 1219 333 1267 Ο.
654 1203 657 1208 ’
944 1220 965 1264 1
1631 1227 1689 1267 42
1724 1225 1778 1270 R.

132 1324 233 1379 DE
251 1322 909 1380 POPULOABSCONSO
930 1323 1214 1380 SANOTO
1231 1323 1774 1383 OMNIPOTENTIS

617 1412 909 1468 CHRISTI
947 1413 1077 1468 DEI
1113 1413 1288 1468 VIVI.

130 1543 184 1598 l)
218 1545 510 1599 esideretur
547 1546 842 1600 absconsus
880 1546 1104 1600 ultimus
1146 1549 1390 1615 sanetuS,

130 1617 178 1672 E
212 1622 238 1672 t
276 1619 490 1689 quidem
528 1620 748 1690 ignotus
788 1638 820 1672 a
857 1620 1018 1673 nobis
1058 1620 1152 1673 ubi
1190 1622 1442 1674 moretur.

129 1764 180 1892 g
212 1783 270 1818 er
307 1784 504 1819 nouem
542 1766 783 1819 tribuum
822 1767 986 1836 agens
1024 1770 1079 1821 et
1116 1766 1394 1819 dimidiam
1431 1766 1588 1819 nobis

128 1911 179 1964 P
212 1913 554 1982 raeeepitque
594 1911 841 1966 Christus
879 1930 975 1982 per
1009 1912 1211 1983 Legem
1248 1913 1429 1966 uiuere
1467 1913 1728 1982 priscam:
1746 1924 1771 1965 5

134 1983 186 2039 U
217 1986 428 2039 iuamus
467 2004 612 2039 nune
652 2004 861 2055 omnes,
899 1986 1116 2039 nouella
1153 1987 1373 2039 traditio
1413 1986 1575 2055 legiS,

128 2057 176 2111 L
211 2077 275 2112 ex
312 2063 374 2112 ut
411 2059 532 2128 ipsa.
570 2060 750 2128 docet,
791 2060 1028 2129 apertius
1067 2059 1244 2114 indico
1283 2060 1456 2113 uobis,

129 2129 174 2186 0
206 2133 463 2187 brelietae
500 2133 637 2187 duae
675 2134 915 2187 tribuum
954 2136 1009 2186 et
1045 2133 1287 2187 dimidia:
1328 2150 1493 2203 quare

130 2278 183 2332 A
214 2279 371 2333 histis
412 2279 635 2333 dimidia
671 2280 948 2333 tribuum?
987 2282 1250 2349 martyres
1291 2283 1493 2348 essent,

129 2351 180 2406 B
214 2353 373 2406 ellum
411 2371 533 2407 eum
571 2354 735 2407 infert
772 2354 954 2407 electis
996 2353 1105 2406 suis
1144 2354 1202 2405 in
1241 2354 1447 2407 orbem:
1720 2365 1771 2405 10

134 2423 174 2480 S
215 2444 281 2479 eu
320 2429 462 2480 certe
502 2430 812 2481 sanctorum
850 2427 1044 2481 chorus
1081 2427 1469 2496 prophetarum

130 2497 172 2553 G
209 2503 527 2570 onsurgeret
535 2498 764 2572 adfillam
775 2501 1005 2570 plebem,
1015 2500 1106 2570 qui
1117 2499 1328 2553 frenum
1340 2500 1639 2570 imponeret
1649 2498 1771 2567 illis,
1861 2488 1865 2491 ⁸

130 2569 175 2626 0
209 2573 394 2627 bseem'
432 2590 566 2643 quos
607 2575 729 2644 equi
765 2574 1106 2627 trucidarunt
1142 2573 1286 2627 ealce
1325 2573 1571 2641 remissa,

127 2644 175 2698 N
210 2662 269 2699 ee
303 2649 484 2700 rueret
522 2664 714 2700 manus
752 2665 941 2717 pacem
977 2650 1177 2700 temere
1217 2645 1521 2716 aliquando.

132 2716 173 2772 S
213 2722 423 2772 emotae
463 2722 588 2773 sunt
626 2720 761 2774 istae
800 2721 1064 2790 tribuum,
1102 2723 1157 2773 et
1193 2720 1454 2789 mysteria
1492 2716 1692 2772 Christi
1714 2728 1768 2768 15

129 2788 175 2846 0
210 2792 358 2844 mnia
395 2809 491 2861 per
527 2793 662 2846 istas
702 2795 1041 2863 complentur
1077 2794 1291 2846 saeculo
1329 2795 1461 2846 toto.
