2010 3220
191 192 264 246 20
821 190 1215 237 COMMODIANI

196 312 253 366 Η
282 331 347 365 eu
384 312 590 365 miseri!
630 311 846 381 fugiant
883 312 1100 382 longius
1141 312 1434 366 mediocres
1475 331 1507 366 a
1544 313 1715 367 uobis.

197 385 249 439 U
280 386 380 438 ixit
418 389 473 438 et
512 385 766 438 exstinxit
803 403 1020 454 pauper,
1060 386 1301 439 ebriacus
1342 387 1556 439 clamas.

196 458 254 512 M
279 477 347 512 ox
384 459 538 513 furiis
580 459 782 529 ageris,
822 477 942 511 eum
981 477 1168 528 pereas
1208 460 1347 529 ipse,
1386 459 1703 530 Charybdis,
1780 474 1834 515 10

194 532 230 586 Ι
279 532 685 601 ndiscipulinati
725 533 800 585 sic
840 532 1032 585 diuites
1074 533 1228 587 estis:

194 605 241 659 L
276 623 430 676 egem
469 606 608 659 datis
647 606 788 675 istis,
827 624 938 660 non
975 607 1131 660 uobis
1170 608 1374 676 paratis
1414 607 1561 676 ipsis

193 679 241 734 E
276 697 378 732 xue
415 683 469 732 te
510 679 694 732 diuisis
732 679 901 732 tantis
941 680 1098 733 malis
1138 680 1254 734 Deo
1292 698 1563 750 reuersus,

197 750 235 807 S
275 753 535 806 ubueniat
572 753 756 822 ubique
795 753 920 823 tibi,
959 754 1085 823 quid
1123 772 1265 806 nunc
1305 755 1528 823 operisti
1567 755 1613 808 si
1650 755 1803 808 forte.

194 899 243 954 E
282 903 422 952 stote
462 917 638 953 comes
679 900 940 970 minimiS,
979 901 1107 953 dum
1144 904 1356 986 tempus
1394 901 1628 971 habetis,
1781 914 1834 955 15

198 971 237 1028 S
279 975 390 1026 icut
428 974 603 1026 ulmus
645 976 792 1026 amat
829 975 1019 1043 uitem,
1059 974 1135 1028 sic
1174 975 1281 1044 ipsi
1317 975 1559 1044 pusillos

197 1046 245 1100 T
276 1047 546 1100 erribilem
584 1047 758 1117 legem
798 1047 978 1116 malie,
1017 1048 1173 1101 bonis
1214 1065 1381 1118 aeque
1419 1049 1709 1119 benignam

196 1118 240 1174 Ο
273 1121 468 1173 bserua
505 1139 649 1174 nunc
689 1121 908 1190 sterilis,
949 1121 1048 1174 sub
1088 1123 1219 1174 botis
1256 1122 1315 1174 in
1351 1122 1621 1191 prosperis
1663 1125 1801 1176 esto:

198 1193 245 1247 Τ
276 1194 426 1247 0111136
466 1194 626 1247 corda
664 1193 891 1263 fraudiS,
931 1195 1150 1264 diuites,
1189 1198 1244 1247 et
1283 1196 1475 1248 sumite
1514 1197 1678 1265 pacis

196 1266 243 1320 E
279 1270 551 1335 xspecbate
589 1268 793 1320 malum
830 1271 1072 1321 uestrum
1110 1269 1409 1323 benefacbis
1448 1287 1510 1322 ac
1549 1269 1737 1323 sacris!
1778 1282 1835 1322 20

903 1413 1064 1458 XXXI.

824 1486 1226 1543 IUDIGIBUSs

196 1575 231 1628 I
281 1576 454 1628 ntuite
493 1575 636 1629 dicta
676 1575 978 1630 Salomonis
988 1618 1003 1646 ,
1039 1576 1239 1629 iudices
1279 1595 1481 1643 omnes,

197 1649 251 1702 U
281 1667 352 1702 no
391 1650 556 1702 uerbo
596 1668 692 1703 suo
734 1650 964 1719 qualiter
1001 1668 1099 1702 uos
1138 1650 1229 1702 ille
1269 1650 1547 1703 detractat.

196 1722 248 1774 Ι)
284 1741 388 1775 ona
428 1741 589 1792 quam
627 1726 681 1776 et
718 1724 876 1776 xenia
916 1726 1266 1792 corrumpunt
1302 1723 1524 1776 iudices:
1567 1722 1745 1791 [inde,]

195 1796 230 1849 I
279 1795 382 1849 nde
421 1797 761 1850 mussitatur:
802 1797 1044 1850 datorem
1083 1814 1294 1866 semper
1332 1797 1540 1849 amabis.

200 1868 241 1924 G
279 1888 369 1922 um
409 1889 516 1939 qua
554 1871 656 1922 erit
695 1889 877 1939 causa,
915 1869 1145 1924 uicssoria
1182 1870 1329 1923 tollii
1365 1870 1620 1939 iniquam.
1807 1881 1834 1922 5

195 1942 231 1996 I
282 1960 521 1996 nnocens
562 1944 637 1997 sic
677 1961 777 2014 ego
817 1962 957 2012 sum,
995 1962 1095 1998 nec
1132 1962 1231 1997 uos
1270 1944 1454 1996 incuso
1492 1944 1740 2013 pusiHOS,

199 2015 250 2068 B
283 2016 639 2085 lasphemium
677 2017 840 2069 tollat
879 2015 1137 2070 Salomon
1177 2017 1316 2085 quod
1357 2020 1555 2085 aperte.

197 2089 250 2143 U
282 2089 398 2143 obis
439 2093 619 2142 auiaem
658 2090 805 2142 Deus
845 2092 927 2142 est
964 2093 1154 2143 uenter
1194 2093 1247 2142 et
1284 2090 1525 2157 praemia
1563 2091 1693 2142 iura.

206 2159 246 2216 S
285 2164 500 2233 uggerit
537 2163 638 2216 hoc
677 2162 878 2216 Paulus
919 2163 1216 2232 aposboluS‚
1255 2181 1365 2215 non
1406 2180 1532 2232 ergo
1572 2163 1746 2215 iudex.

920 2306 1107 2352 XXXII.

663 2381 804 2436 SIBI
849 2381 1369 2437 PLACENTIBUS.

200 2484 239 2540 S
277 2486 298 2539 i
336 2487 484 2539 locus
524 2489 617 2539 aut]
653 2489 867 2555 tempus
904 2485 1054 2538 fauet
1091 2494 1185 2538 aut
1222 2503 1452 2554 persona
1491 2485 1760 2554 prouenit,

196 2559 232 2612 Ι
282 2559 418 2612 udex
457 2562 573 2612 esto
612 2577 800 2612 nouus.
878 2557 1016 2621 Quid
1052 2576 1194 2611 nunc
1233 2559 1508 2612 extolleris
1547 2558 1707 2610 inde‘?

201 2632 251 2686 Β
283 2632 582 2702 lasphema‚
622 2632 891 2684 indocilis!
934 2632 998 2685 de
1037 2632 1186 2684 cuius
1226 2633 1560 2700 praesssan‘cia
1598 2631 1760 2699 uiuis,

199 2705 234 2758 I
282 2724 321 2759 n
358 2705 655 2775 fragilitate
693 2707 848 2758 tanta
885 2723 998 2758 non
1034 2705 1254 2774 respicis
1294 2724 1546 2775 unquam.

318 2825 390 2877 31,
425 2827 505 2866 1-
511 2827 558 2866 3:
593 2820 734 2866 Sirac.
768 2825 838 2876 20,
875 2825 930 2865 29
966 2821 1072 2877 (31)
1108 2845 1162 2852 —
1195 2826 1245 2864 8:
1278 2819 1478 2878 Philipp.
1512 2825 1552 2876 3,
1587 2825 1654 2864 19.
