2010 3220
241 213 277 257 L
879 211 1241 257 PRAEFATIO.

243 336 489 388 claudant
511 334 575 387 A.
617 363 686 371 -—
727 353 776 386 u.
805 334 887 387 16.
927 333 1036 387 eius
1076 333 1205 403 edd„
1245 335 1390 387 cuius
1413 333 1525 386 ΑΒ.
1569 364 1632 370 -
1666 335 1883 401 pseudo-

233 421 485 490 propheta
533 421 662 491 edd„
717 423 900 488 spendo
919 406 1144 460 propheta
1183 420 1296 474 AB.
1335 453 1404 460 —
1446 441 1494 474 u,
1539 423 1621 475 17.
1676 423 1887 476 credaut

245 496 382 564 edd,
444 497 615 549 credat
650 494 763 548 AB.
821 525 885 532 —-
946 495 1170 562 loquitur
1215 494 1313 547 AB
1323 537 1338 564 ‚
1393 496 1619 563 loquetur
1658 495 1772 549 edd.
1813 526 1882 533 —-
1967 499 2002 546 .;

246 590 296 623 u,
340 571 422 623 18.
462 570 649 622 euadat
684 567 730 620 B
772 568 902 637 edd„
941 569 1122 621 eradat
1156 569 1245 622 uel
1283 570 1470 622 euadat
1505 568 1570 622 A.
1614 600 1676 607 —
1720 588 1770 622 u.
1801 570 1886 622 19.

249 644 639 710 recapitulantes
678 641 724 694 B
751 642 880 711 edd„
917 659 1008 695 uec
1046 642 1352 710 opitulantes
1392 642 1454 695 A.

395 775 528 827 Post
580 792 796 827 uersum
850 774 1166 827 uicesimum
1220 775 1426 827 duabus
1476 774 1630 826 lineis
1681 774 1735 826 in
1783 773 1883 826 AB

241 850 376 901 liber
414 849 619 917 primus
660 847 968 901 discribitur
1008 848 1076 900 ab
1115 847 1289 900 indice
1326 848 1605 900 titulorum
1644 847 1769 900 libri
1809 866 1885 900 se-

246 923 419 991 cundi,
451 922 543 991 qui
565 921 668 974 hoc
701 922 885 974 ordine
916 922 1191 990 leguntur:
1237 922 1280 974 1.
1319 921 1402 974 De
1423 922 1614 989 populo
1645 922 1885 974 absconso

241 1001 416 1048 sancto
481 996 837 1062 omnipotentis
900 994 1288 1064 (omnipotentia
1331 994 1455 1063 AB)
1483 1056 1487 1063 .
1519 993 1722 1048 Christi
1780 994 1885 1047 Dei

243 1070 372 1122 uiui.
448 1068 670 1121 Errauii]
706 1068 957 1121 librarius
995 1067 1271 1121 Leidensis
1311 1065 1432 1138 (A),
1472 1086 1591 1120 cum
1633 1067 1765 1120 duas
1804 1068 1883 1120 in-

245 1142 561 1211 scriptiones
603 1141 777 1194 daret:
833 1141 917 1195 De
951 1143 1144 1210 populo
1190 1142 1430 1195 absconso
1475 1145 1649 1194 saneto
1698 1144 1752 1194 et
1811 1142 1884 1194 al-

239 1220 355 1269 tero
388 1234 570 1268 uersu:
614 1214 994 1283 Omnipoteutia
1015 1215 1120 1268 Dei
1140 1217 1258 1268 uiui
1267 1236 1280 1284 3
1322 1216 1415 1268 sed
1446 1215 1696 1267 carminis
1730 1213 1883 1267 XLII

240 1308 427 1342 uersus
476 1289 534 1340 in
586 1291 813 1357 utroque
863 1289 1044 1351 codice
1097 1289 1338 1342 continui
1389 1288 1577 1356 scrip’ci
1623 1291 1762 1340 sunt.
1815 1317 1877 1325 —

241 1365 290 1416 2.
344 1363 427 1416 De
472 1362 661 1415 saeculi
709 1362 798 1431 (cf.
841 1365 1054 1428 aci-ost„
1099 1364 1254 1416 seculi
1290 1360 1414 1432 ΑΒ)
1464 1363 1615 1415 istius
1651 1363 1767 1428 fine.
1809 1391 1879 1398 —

241 1437 291 1490 3.
344 1436 428 1489 De
465 1437 826 1488 resurrectione
853 1437 1050 1503 prima.
1109 1465 1173 1473 —-
1232 1437 1282 1488 4.
1336 1435 1420 1488 De
1457 1436 1537 1488 die
1573 1435 1768 1488 iudicii.
1811 1466 1881 1474 -—-

240 1510 288 1562 5.
332 1509 688 1563 Cateoumiuis.
733 1539 797 1547 —
843 1510 890 1562 6.
928 1509 1225 1563 Είᾱθῐὶὂῑιε.“
1259 1538 1324 1547 —
1386 1510 1432 1561 7.
1472 1508 1677 1562 Fideles
1715 1513 1885 1562 cauete

240 1584 450 1636 malum.
493 1612 559 1620 —
603 1583 652 1635 8.
691 1582 1090 1637 Paenitentibus.
1123 1611 1187 1620 —-
1232 1583 1279 1635 9.
1323 1582 1425 1648 Qui
1461 1586 1886 1649 apostataueruut
1986 1581 1991 1585 ’

240 1656 365 1710 Deo.
409 1686 470 1694 —
520 1657 601 1709 10.
642 1655 724 1709 De
760 1656 1064 1721 infantibus.
1105 1686 1175 1694 —-
1221 1657 1302 1708 11.
1336 1655 1642 1708 DesertoreS.
1683 1685 1755 1694 -—
1799 1657 1882 1708 12.

240 1730 503 1783 Militibus
542 1728 755 1782 Christi.
787 1759 857 1767 —-
901 1730 984 1782 13.
1023 1729 1106 1782 De
1143 1729 1335 1797 refuyis
1375 1728 1463 1798 (cf.
1503 1731 1711 1798 acrost„
1749 1729 1883 1795 refu·
1923 1786 1926 1789 ,

230 1804 342 1871 =aiis
380 1802 518 1874 AB).
562 1833 626 1841 —-
673 1803 755 1855 14.
794 1802 877 1856 De
916 1803 1027 1856 lolii
1063 1804 1264 1856 semiue.
1319 1833 1389 1841 —
1444 1802 1526 1855 15.
1565 1801 1882 1855 Dissimula-

250 1878 362 1930 tori.
402 1907 471 1914 -
515 1877 598 1929 16.
637 1876 940 1930 Saecularia
980 1876 1093 1946 (sec.
1116 1874 1240 1946 AB)
1277 1877 1336 1929 iu
1374 1879 1532 1928 totum
1566 1876 1884 1942 fuyieuclurri,

250 1950 628 2018 inscriptiones
685 1950 938 2002 carminis
996 1950 1064 2002 15
1119 1953 1172 2001 et
1229 1949 1295 2002 16
1349 1949 1408 2001 in
1460 1966 1623 2001 unam
1675 1949 1884 2019 redegit

244 2026 466 2091 uterque
514 2022 766 2076 librarius
811 2020 995 2093 (AB1).
1054 2053 1118 2061 -—
1182 2023 1263 2076 17.
1319 2021 1678 2076 Christianum
1731 2023 1883 2075 talem

245 2113 362 2150 esse.
386 2126 459 2134 -—
503 2097 586 2148 18.
624 2096 890 2148 Matrouis
911 2096 1139 2149 ecclesiae
1161 2095 1266 2148 Dei
1287 2096 1416 2148 uiui.
1448 2125 1517 2132 -
1563 2095 1644 2147 19.
1683 2095 1883 2148 Iterum

246 2171 387 2236 ipsis.
416 2199 479 2206 —
515 2169 602 2222 20.
641 2169 715 2220 Iu
753 2169 955 2222 eeclesia
992 2169 1134 2222 omui
1162 2169 1351 2236 populo
1373 2168 1490 2221 Dei.
1519 2197 1581 2205 -
1618 2168 1704 2220 21.
1727 2169 1881 2221 Mar-

247 2244 442 2295 turium
497 2240 844 2311 (Martyrium
880 2241 1000 2310 AB,
1056 2241 1148 2294 sed
1200 2242 1263 2294 cf.
1314 2260 1453 2295 uarr.
1505 2242 1648 2293 lectt.
1687 2242 1744 2310 2,
1783 2239 1879 2312 20)

239 2316 442 2369 uolenti.
518 2315 733 2384 Reliqui
779 2314 926 2368 tituli
972 2315 1165 2367 desunt
1208 2315 1266 2367 in
1304 2315 1379 2382 A,
1431 2318 1484 2367 ei:
1528 2315 1586 2366 in
1623 2313 1669 2366 B
1709 2315 1879 2367 altera

238 2407 401 2441 manu
441 2389 626 2457 scripti
667 2392 804 2441 sunt.
838 2418 901 2427 —-
946 2389 1031 2441 22.
1055 2388 1266 2441 Bellum
1289 2389 1638 2441 cottidianum.
1681 2419 1744 2425 —
1789 2389 1875 2441 23.

236 2462 320 2515 De
364 2462 467 2515 zelo
519 2463 964 2530 coucupisoeueiae.
1009 2492 1072 2499 -
1124 2462 1211 2514 24.
1259 2461 1362 2527 Qui
1397 2463 1457 2514 de
1494 2462 1630 2514 malo
1669 2463 1876 2515 dona-ut.

238 2566 306 2573 —-
358 2535 443 2588 25.
496 2535 580 2588 De
615 2552 746 2603 paee
791 2536 1014 2588 subdola.
1067 2565 1130 2572 —-
1181 2534 1265 2587 26.
1320 2535 1624 2587 LeetoribuS.
1670 2565 1743 2571 —
1790 2536 1875 2587 27.

236 2609 520 2662 Ministris.
573 2638 634 2646 —-
687 2609 773 2661 28.
822 2608 1123 2662 Pastoribus
1167 2607 1283 2660 Dei.
1336 2637 1399 2645 -—
1451 2608 1536 2660 29.
1582 2607 1877 2660 Maioribus

239 2683 379 2736 natis
415 2683 538 2735 dica
578 2713 649 2719 —
689 2681 775 2734 30.
813 2682 1096 2749 Infirmum
1132 2682 1206 2734 sie
1243 2682 1416 2734 uisita.
1444 2711 1504 2720 —-
1551 2681 1635 2733 31.
1675 2680 1875 2748 Paupe-

237 2756 381 2809 ribus
425 2756 582 2808 sanis.
633 2785 705 2792 --
754 2755 840 2807 32.
886 2755 1057 2808 Filios
1101 2771 1205 2807 nou
1253 2755 1503 2822 luyeuclos.
1553 2785 1615 2791 —-
1669 2754 1754 2806 33.
1792 2753 1876 2806 De

229 2845 426 2895 pompa
460 2828 673 2894 funeris.
717 2857 780 2865 —
834 2827 918 2880 34.
967 2826 1194 2881 Clericis.
1240 2859 1299 2865 -—
1346 2828 1431 2880 35.
1478 2827 1561 2880 De
1595 2827 1791 2892 fabulis
1829 2831 1876 2878 et
