2010 3220
266 200 396 243 XLH
897 199 1266 257 ΙῑΡιιΑΕιιΑἸἾΟ.

266 324 366 371 tem
404 318 590 371 DauiS.
623 316 787 386 Oehl.,
824 319 1068 372 nesciente
1105 319 1150 372 B
1183 320 1319 389 Rig„
1358 320 1415 372 in
1452 319 1502 372 A
1542 320 1628 373 hic
1659 339 1710 374 ιι.
1741 321 1901 374 deest.

273 422 334 428 —
379 411 428 444 ιι.
461 393 508 444 6.
540 408 669 459 pars
708 396 798 443 tua
836 391 910 460 (h.
935 410 977 443 e.
1017 393 1095 444 ita
1131 396 1307 445 tecum
1347 396 1611 460 uersatur,
1648 395 1709 444 ut
1747 395 1901 462 quasi

270 483 394 532 pars
433 464 577 517 uitae
616 468 741 516 tuae
779 465 1027 517 uideatur
1066 463 1206 535 esse)
1246 465 1320 535 A,
1347 483 1489 533 para
1526 467 1614 519 uel
1641 483 1774 533 pars
1813 471 1903 519 tua

267 537 326 605 Β,
361 542 518 604 prata
556 542 588 590 t.
627 538 741 590 edd.
781 566 851 574 —-
889 539 1070 591 uineas
1107 538 1238 605 edd„
1274 540 1392 592 uias
1429 539 1502 607 A,
1539 540 1694 592 umas
1731 538 1792 591 B.
1834 569 1900 576 —

265 629 317 663 ιι.
346 612 392 662 7.
426 627 598 678 yreyes
637 610 748 678 AB,
781 628 980 678 yreyem
1019 612 1132 664 edd.
1172 642 1241 649 —
1269 613 1500 679 possides
1537 611 1583 664 B
1622 612 1750 681 edd„
1779 629 1898 680 pos-

263 684 396 736 sidet
431 683 494 735 A.
539 714 600 721 —-
644 682 846 736 Versus
884 685 920 736 4
959 683 1027 736 ad
1066 685 1098 737 8
1145 684 1360 737 turbato
1411 685 1597 738 ordine
1637 686 1713 738 sie
1753 687 1810 738 in
1850 685 1901 737 A
1998 693 2005 696 '

268 758 546 825 leguntur:

414 830 627 897 Inyrate
662 846 875 893 summO,
912 831 1002 896 qui
1037 831 1111 883 sic
1147 830 1318 883 Deum
1355 830 1555 883 iudicas
1592 846 1707 894 esse,

414 903 535 969 Ipse
565 919 738 970 yreyes
764 919 1006 970 pecorum
1044 907 1091 955 et
1126 905 1367 971 quicquid
1391 905 1620 970 possidet
1654 905 1760 970 ipse

417 976 537 1042 Ipse
564 992 698 1043 pars
736 979 828 1028 tua
859 976 1109 1043 yubernat
1143 977 1262 1030 uias
1298 979 1405 1044 ipse

418 1049 527 1101 Nee
563 1050 678 1101 istis
716 1051 814 1100 etc.

264 1140 315 1174 u.
355 1122 402 1174 8.
456 1123 716 1174 attendisti
753 1120 819 1189 L,
863 1123 1082 1175 attendis
1118 1122 1170 1174 A
1206 1121 1267 1173 in
1304 1140 1388 1188 m.,
1426 1122 1558 1191 edd,
1612 1123 1897 1176 attendistis

264 1193 378 1247 AB.
418 1225 486 1232 —-
533 1213 583 1246 ιι.
626 1195 707 1246 10.
760 1211 854 1248 nos
891 1194 1021 1261 edd„
1064 1212 1170 1247 non
1207 1195 1293 1247 uel
1330 1212 1423 1247 nos
1461 1195 1533 1263 A,
1580 1212 1685 1248 non
1722 1195 1785 1247 B.
1823 1226 1896 1233 —-

262 1268 392 1320 seclo
416 1266 528 1319 AB.
552 1298 621 1323 -—‚
647 1287 695 1320 ιι.
717 1268 800 1319 11.
836 1268 884 1320 si
905 1268 1065 1321 credis
1089 1267 1218 1334 edd„
1255 1269 1328 1320 sic
1350 1269 1511 1321 credis
1535 1268 1599 1336 A,
1637 1269 1711 1321 sic
1732 1269 1902 1321 reddis

267 1340 320 1392 A
342 1340 400 1391 in
422 1359 507 1408 m.,
529 1339 590 1393 B.
605 1337 684 1408 ζ-
709 1345 894 1394 secreta
916 1339 1028 1409 AB,
1065 1345 1244 1394 secreto
1270 1339 1385 1393 edd.
1415 1371 1475 1378 —
1513 1360 1559 1394 ιι.
1591 1342 1671 1394 13.
1709 1342 1903 1407 referas

267 1413 313 1465 B
341 1413 470 1481 edd„
508 1413 706 1479 deferas
734 1412 800 1466 A.
838 1444 912 1451 —-
950 1431 1108 1481 ayone
1131 1415 1197 1481 A,
1233 1431 1328 1481 ayo
1365 1431 1429 1466 ne
1467 1413 1530 1466 B.
1553 1443 1626 1453 —
1657 1432 1904 1481 perennes

267 1486 399 1553 edd„
419 1488 663 1553 perennis
677 1485 792 1538 AB.
812 1517 875 1524 —
903 1506 954 1539 u.
975 1487 1056 1539 15.
1082 1492 1308 1540 tartaras
1322 1486 1385 1539 B.
1407 1518 1468 1524 —
1497 1506 1547 1540 ιι.
1569 1488 1651 1540 17.
1675 1488 1903 1540 abluitur

268 1557 335 1627 L,
388 1560 621 1612 adluitur
658 1559 755 1612 AB
796 1559 910 1612 edd.
951 1590 1020 1598 —
1058 1561 1312 1627 spiritalis
1349 1559 1394 1612 B
1435 1559 1564 1628 edd„
1615 1560 1905 1627 spiritualis

267 1632 332 1684 A.
364 1662 426 1669 —
455 1651 504 1684 u.
538 1633 619 1686 19.
659 1637 777 1685 tunc
798 1631 913 1702 AB,
950 1651 1088 1687 nunc
1111 1633 1224 1686 edd.
1249 1664 1321 1670 ——
1348 1634 1681 1700 proclamans
1703 1632 1749 1685 B
1774 1633 1904 1701 edd„

265 1705 558 1772 proclamas
596 1704 660 1757 A.

418 1776 513 1847 30)
553 1777 761 1832 Diuites
796 1779 1011 1832 humiles
1049 1782 1208 1832 estote.
1246 1808 1319 1816 —
1357 1798 1407 1831 u.
1436 1781 1480 1831 1.
1520 1779 1704 1832 bonum
1742 1783 1901 1832 osten-

266 1852 383 1904 dere
424 1850 535 1919 AB,
574 1853 617 1905 b.
657 1856 701 1904 te
739 1857 825 1905 ost.
867 1852 981 1904 edd.
1025 1882 1088 1890 -—
1130 1871 1180 1904 ιι.
1213 1852 1262 1904 2.
1303 1856 1347 1904 te
1385 1851 1513 1919 edd„
1550 1852 1609 1905 de
1645 1850 1764 1920 AB3
1804 1871 1902 1920 pro

263 1925 400 1989 facis
446 1922 594 1978 Oehl.
640 1925 699 1977 in
745 1943 934 1978 comm.
977 1925 1115 1991 faris
1153 1925 1288 1977 coni.
1329 1954 1397 1962 —
1436 1944 1486 1978 ιι.
1525 1925 1574 1978 5.
1626 1942 1819 1992 semper
1857 1924 1902 1976 B

271 1996 400 2064 edd„
428 2015 526 2064 per
562 1997 627 2050 A.
667 2028 738 2035 —
776 2017 827 2050 ιι.
866 1999 914 2050 6.
953 1999 1134 2051 diuum
1171 1996 1245 2065 L,
1281 1998 1435 2064 fisum
1474 1995 1557 2067 (in
1594 2017 1664 2050 m.
1701 1999 1902 2066 diuam)

270 2069 346 2136 A,
398 2070 550 2136 ftfam
587 2071 672 2122 uel
711 2071 869 2136 sifam
914 2068 978 2140 (f
1005 2070 1092 2123 uel
1130 2088 1155 2123 s
1191 2070 1249 2122 in
1287 2088 1419 2123 corr.
1459 2068 1683 2140 scripto)
1722 2069 1791 2137 B,
1831 2075 1903 2137 ty-

260 2141 428 2209 phum
451 2142 566 2194 edd.
591 2172 659 2180 —
693 2162 741 2195 ιι.
767 2144 800 2197 6
820 2163 898 2214 sq.
935 2143 1071 2196 ultro
1108 2143 1346 2196 Subditos
1385 2142 1550 2211 Oehl.,
1587 2143 1735 2196 ultro.
1774 2142 1902 2196 Sub-

269 2216 403 2268 ditos
439 2215 559 2284 Rig.
604 2246 668 2255 --
709 2235 758 2268 ιι.
799 2217 849 2269 9.
903 2217 1121 2269 emtinxit
1156 2214 1269 2268 AB.
1309 2246 1378 2252 ——
1417 2233 1632 2282 pauper,
1677 2217 1904 2269 ebriacus

268 2289 465 2342 clamas
500 2287 560 2356 L,
588 2306 790 2356 pauper
825 2290 1027 2342 ebraica
1064 2286 1269 2359 (ebrfica
1305 2290 1327 2340 i
1363 2289 1420 2340 in
1457 2306 1492 2340 a
1530 2306 1661 2344 corr.
1693 2286 1763 2358 B)
1804 2290 1902 2341 cla-

268 2378 384 2412 mor
420 2359 534 2428 AB,
583 2362 737 2415 Vixit.
775 2367 823 2415 et
843 2363 1079 2415 Extinoei.
1119 2362 1328 2428 Pauper
1349 2362 1407 2413 E
1413 2360 1465 2413 Y
1458 2361 1678 2414 PHKA
1715 2363 1906 2414 elamat

272 2433 407 2502 Rig„
456 2434 599 2487 Vixit
627 2439 674 2487 et
701 2436 864 2488 exiuit
881 2453 939 2502 p.
949 2453 966 2487 .·
990 2436 1048 2488 E
1053 2435 1105 2487 Y
1098 2433 1317 2488 PHKA
1348 2435 1539 2487 clamat
1567 2434 1732 2503 Oehl.,
1768 2436 1907 2487 uixit

268 2510 319 2558 et
366 2508 585 2559 extinxit
616 2525 871 2575 pauperes
916 2509 1105 2561 saeculi
1153 2525 1326 2560 amore
1373 2507 1585 2560 Lacroz.
1627 2506 1902 2577 Schurzfl.;

271 2579 364 2631 sed
401 2579 540 2632 forte
578 2580 705 2649 leg:
736 2598 935 2648 pauper
973 2580 1216 2634 Abrahae
1251 2597 1412 2644 amor,
1452 2599 1572 2634 cum
1610 2580 1901 2632 uerisimile

273 2652 518 2704 uideatur
555 2670 670 2705 esse
707 2658 924 2723 poetam
962 2654 1026 2706 de
1057 2653 1260 2706 Lazaro
1291 2654 1455 2706 uerba.
1485 2653 1661 2706 facere
1692 2654 1751 2705 in
1782 2654 1901 2705 sinu'

271 2724 549 2777 Abraham
586 2728 779 2794 posito.
818 2756 887 2765 —
928 2746 977 2778 ιι.
1007 2727 1087 2779 10.
1127 2726 1360 2794 carybdi-s
1398 2726 1458 2779 Β.
1499 2756 1566 2764 ——
1609 2745 1658 2777 ιι.
1687 2727 1768 2779 11.
1807 2726 1900 2777 In-

269 2798 599 2864 dicipulinati
636 2799 701 2867 L,
755 2799 1142 2866 Indisciplinati
1180 2799 1277 2851 AB
1317 2799 1431 2851 edd.
1487 2829 1555 2836 ——
1608 2800 1681 2852 sic
1718 2799 1900 2851 diuites
