2010 3220
759 222 1121 268 PRAEFATIO.
1160 181 1161 184 Ἰ
1608 225 1758 271 LXIII

119 343 241 412 AB3
282 343 411 396 olim
449 342 637 396 malui:
676 343 960 396 demissam.
989 343 1009 412 ss
1036 341 1108 396 In
1128 344 1443 412 protoplasto
1474 346 1616 399 uides
1635 363 1754 427 poe·

119 492 245 528 nam
271 476 543 543 procedere
573 475 740 543 Leyis.
780 505 849 513 —
889 495 940 529 ιι.
973 477 1022 529 6.
1058 471 1192 546 'ergo
1230 477 1338 532 iam
1379 480 1611 530 exterus:
1642 430 1758 546 {rgo

277 551 455 591 exterus

119 609 227 661 iam
271 608 456 661 exteris
498 607 622 724 AI}
675 610 776 662 eris
820 610 930 661 iam
976 612 1174 662 exterus
1211 608 1326 662 edd.
1371 639 1431 647 -
1475 628 1524 662 ιι.
1564 610 1614 663 9.
1666 626 1759 663 our

441 693 525 724 Gur
554 695 571 723 2
609 693 658 724 08

118 740 235 794 illos
272 739 402 809 edd„
439 741 651 794 curilios
687 739 802 793 AB.
841 771 910 778 —
941 742 1296 808 persequimur
1332 741 1455 810 ΑΒ,
1491 743 1758 810 prosequi-

118 831 238 866 mur
275 813 390 867 edd.
432 844 495 852 —
538 833 588 867 u.
630 815 714 867 11.
751 818 953 867 uestra:
1014 817 1118 867 W
1162 815 1226 882 A,
1276 813 1383 867 urii
1415 814 1479 883 Β,
1529 819 1758 868 uestrum

118 886 232 940 edd.
286 917 347 925 -—
399 907 448 940 ιι.
493 888 574 940 12.
630 893 675 941 te
709 888 843 954 facis
878 889 1089 941 musicis
1125 887 1223 940 AB
1264 886 1340 956 (te
1379 888 1512 940 facis
1538 914 1607 932 =
1631 906 1756 941 eon-

119 960 225 1014 fers
263 964 335 1030 te,
375 961 439 1014 cf.
471 960 736 1014 Roensch.
759 961 880 1015 Ital.
917 980 968 1031 p.
992 959 1141 1031 366),
1179 966 1224 1014 te
1258 962 1394 1028 fucis
1430 963 1601 1029 inficis
1641 962 1757 1015 edd.

15 1035 34 1091 ἶ
119 1065 188 1071 -
229 1053 279 1087 ιι.
323 1035 405 1088 13.
449 1035 607 1088 immo
644 1034 690 1087 B
731 1035 862 1104 edd„
899 1036 1003 1088 imo
1041 1034 1106 1087 A.
1151 1065 1213 1072 ——
1257 1035 1448 1088 clamat
1488 1034 1587 1087 AB
1627 1035 1758 1103 edd„

122 1108 214 1161 sed
251 1108 416 1162 forte:
470 1109 682 1173 clamat,
721 1109 913 1162 elamat
954 1109 1057 1178 leg.
1103 1138 1163 1146 —
1207 1127 1258 1161 ιι.
1294 1108 1377 1162 15.
1433 1113 1477 1161 to
1516 1106 1759 1162 Christus

293 1193 343 1224 re
376 1178 612 1224 Christum
652 1218 654 1222 .
760 1184 802 1224 te
835 1179 1049 1224 Christus

16 1246 42 1324 ξ,
119 1239 248 1310 edd„
287 1245 332 1293 te
369 1239 612 1295 Christus
648 1240 715 1311 A,
754 1245 800 1294 te
836 1240 1106 1295 Christum
1142 1240 1206 1295 B.
1245 1271 1314 1278 -
1355 1259 1404 1292 ιι.
1441 1242 1522 1293 17.
1564 1241 1756 1306 labora,

17 1343 31 1351 .-
116 1374 248 1426 suda
286 1373 417 1442 edd„
456 1374 662 1427 laboras
698 1313 827 1427 {ZZZ
862 1373 977 1426 AB.
1021 1404 1083 1411 —
1127 1392 1178 1427 ιι.
1222 1373 1304 1425 19.
1342 1373 1414 1426 ad
1448 1377 1698 1440 martyres
1735 1374 1758 1425 i

116 1445 183 1515 L,
236 1448 308 1500 ad
350 1448 618 1515 martyrisi
667 1446 789 1516 AB,
841 1449 914 1501 ad
955 1447 1240 1514 mar-tyrim
1300 1443 1358 1516 (i.
1423 1464 1466 1499 e.
1530 1445 1758 1499 ‘adsiste

18 1558 23 1565 .
118 1520 362 1590 martyri,
400 1520 628 1589 procede
661 1521 729 1573 ad
759 1519 873 1590 m.')
906 1520 1037 1589 edd„
1073 1519 1402 1588 Refriyorare
1432 1519 1656 1588 (omisso
1685 1518 1755 1589 si)

0 1618 24 1669 'i
116 1595 272 1663 σιῳὶε,
310 1595 719 1662 admartyrizare
754 1593 884 1647 Pitr.
922 1593 950 1647 I
986 1613 1039 1662 p.
1077 1594 1200 1647 543.
1244 1623 1305 1630 —
1349 1612 1400 1646 ιι.
1432 1594 1518 1646 20.
1557 1593 1756 1646 fut-uro-

19 1730 23 1775 ἴ
115 1744 236 1779 rum
284 1727 545 1780 tfansitu:
602 1679 924 1793 futurrgrrzx
951 1727 1177 1779 transitu
1226 1724 1348 1794 AB,
1404 1725 1645 1791 futuram
1698 1726 1757 1777 iu

19 1813 26 1854 ἓ
115 1802 339 1854 transitu
378 1800 491 1853 edd.

262 1873 331 1942 Π,
375 1874 458 1927 18.
495 1873 764 1978 Macroni?
801 1872 1031 1926 ecclesiae
1067 1850 1171 1925 'Det
1208 1873 1339 1924 uiui.
1383 1901 1445 1909 —
1488 1891 1538 1925 u.
1582 1873 1627 1924 1.
1665 1872 1757 1924 du-

0 2032 1 2063 3
115 2006 191 2044 ces
228 1989 288 2058 L,
325 1984 416 2058 Dg}
453 2007 530 2044 ces
567 1990 642 2058 Α,
680 1991 748 2043 dc?
769 2006 846 2043 ces
883 1988 946 2059 Β,
983 1990 1195 2043 domnas
1233 1988 1364 2057 edd.‚
1401 1993 1643 2042 matrona
1671 1989 1756 2041 uis

24 2115 26 2121 ,
119 2080 222 2117 esse
259 2063 567 2118 Christiana
613 2068 672 2117 ut
713 2064 904 2117 saeculi
949 2063 1138 2116 domna
1175 2061 1413 2132 (domnas
1450 2062 1600 2115 Pitra
1640 2058 1665 2114 I
1704 2080 1755 2129 p.

24 2138 26 2142 ’
116 2134 249 2208 543)
289 2135 539 2191 Schurzfl.
591 2168 653 2175 —
704 2157 755 2190 ιι.
794 2138 844 2190 2.
898 2138 1168 2190 circundas
1204 2136 1269 2189 A.
1310 2167 1380 2174 —
1426 2138 1587 2190 serica
1625 2135 1757 2204 edd„

113 2211 272 2264 sirica
310 2209 425 2263 AB.
469 2241 533 2249 —
574 2230 625 2264 ιι.
648 2211 699 2263 4.
738 2215 920 2264 cunda
956 2211 1016 2264 de
1051 2210 1248 2263 Zabuli
1269 2227 1466 2278 pompa
1504 2209 1617 2262 cod.
1658 2207 1754 2261 Sti.

114 2284 238 2336 Alb.
276 2286 416 2337 teste
448 2283 673 2338 Baluzio
714 2284 782 2337 ad
811 2283 960 2336 Lact.
992 2284 1056 2336 de
1086 2282 1247 2336 Moriz.
1277 2283 1482 2336 Perseo.
1510 2283 1576 2336 16
1608 2301 1658 2351 p.
1682 2282 1753 2334 36

21 2372 28 2403 ἐ
117 2357 219 2426 (ed.
251 2356 499 2428 Bauldri)
530 2357 629 2411 AB
656 2357 770 2410 edd.
805 2389 867 2395 —
911 2377 961 2410 ιι.
987 2357 1035 2410 5.
1076 2358 1282 2411 ornaris
1319 2355 1416 2409 AB
1441 2355 1754 2426 Rig.0eh1.,

20 2453 31 2463 ·
550 2430 787 2475 cincinnos
1538 2427 1724 2471 stibium

22 2505 29 2546 1.
115 2506 272 2543 ornas
295 2488 430 2542 Dau.
456 2520 524 2528 —
549 2491 751 2544 inauras
773 2489 886 2542 AB.
912 2519 980 2527 -
1005 2507 1057 2543 ιι.
1077 2490 1122 2543 7.
1152 2489 1361 2543 stvhium
1385 2488 1516 2555 edd„
1539 2489 1754 2541 stiuium

24 2572 31 2621 ἰ
115 2561 228 2616 ΑΒ.
271 2592 333 2601 -
378 2583 428 2618 ιι.
467 2563 516 2617 9.
555 2565 708 2618 corda
745 2562 791 2615 B
832 2562 963 2632 edd„
1002 2564 1147 2616 corde
1184 2563 1249 2615 A.
1290 2593 1359 2600 —
1399 2581 1460 2628 u..
1493 2563 1574 2614 11.
1618 2564 1754 2614 casto

114 2699 264 2763 atque
282 2696 471 2763 pudico
495 2695 625 2765 edd„
662 2636 823 2749 {ZZZ}
846 2694 912 2764 A,
950 2638 1114 2749 Ξῗιῖῗέε
1137 2693 1202 2764 Β,
1238 2699 1388 2762 atque
1404 2694 1616 2761 pudicos
1638 2689 1754 2742 AB.

24 2766 34 2815 ’ἒ
120 2798 182 2805 -
226 2787 275 2822 ιι.
311 2770 394 2822 12.
435 2769 535 2837 loye
573 2761 739 2838 oehl„
778 2770 904 2837 loyes
942 2767 1040 2820 AB
1080 2767 1202 2838 Rig.
1245 2799 1307 2806 —
1351 2786 1400 2819 ιι.
1437 2767 1519 2819 13.
1555 2765 1752 2830 femina

114 2843 300 2896 marito
329 2842 551 2910 probata
588 2842 704 2911 AB,
737 2843 962 2909 feminae
992 2859 1057 2894 m.
1085 2841 1327 2909 probatae
1357 2840 1471 2892 edd.
1499 2869 1566 2876 —
1590 2856 1640 2889 ιι.
1663 2836 1751 2889 15.
