2010 3220
230 160 301 213 26
479 158 873 205 COMMODIANI
903 158 970 202 IN
973 157 1407 203 STRUCTIONUM
1437 158 1550 204 LIB.
1583 159 1617 202 I.

229 280 264 334 I
312 280 479 349 niqua
512 279 558 332 si
590 279 681 348 qui
713 281 952 332 uestrum
975 296 1087 332 non
1113 277 1435 331 crediderint
1457 280 1629 331 morte
1651 278 1875 347 perisse,

231 353 281 407 P
316 371 476 422 erque
517 354 650 405 alias
690 353 836 422 leges
878 352 1133 405 clamauit
1171 350 1405 404 dilectis:
1445 350 1569 403 inde

231 424 271 480 S
310 444 602 496 uspensam
641 427 698 479 in
734 426 883 496 ligno
923 426 1115 494 uitam3
1157 442 1252 478 nec
1291 425 1371 477 illi
1411 424 1669 477 credistis.

228 499 263 553 I
312 519 406 569 pse
446 499 592 553 Deus
633 499 747 552 uita
787 501 890 568 est,
927 498 1182 568 pependit
1217 498 1335 567 ipse
1374 515 1471 567 pro
1511 497 1692 567 nobiS‚
1815 511 1870 551 10
1969 536 1971 540 .

231 571 270 627 S
312 574 375 627 ed
413 592 510 627 uos
550 573 802 626 indurato
841 571 998 627 corde
1039 571 1382 626 subsannatis
1423 570 1665 624 eundem.

994 761 1109 804 XLI.

530 866 630 920 DE
669 865 775 920 AN
777 864 1167 920 TEOHRISTI
1206 855 1570 919 TEMPORE.

227 984 279 1037 l)
311 985 411 1037 ixit
447 984 666 1038 Esaias:
705 984 809 1036 Hic
847 984 1011 1047 homo
1052 983 1144 1053 qui
1184 985 1488 1037 commouet
1527 982 1712 1034 orbem

227 1058 275 1112 E
310 1062 334 1111 t
371 1075 526 1128 reges
564 1058 814 1127 totidem,
854 1058 953 1111 sub
994 1075 1099 1127 quo
1139 1057 1232 1109 fiet
1269 1059 1415 1109 terra
1453 1055 1680 1108 deserta.

229 1203 281 1258 A
311 1205 483 1274 udite‚
523 1205 776 1273 quoniam
813 1204 1079 1273 propheta
1118 1203 1182 1256 de
1220 1203 1315 1256 illo
1354 1201 1642 1272 praedixit3

228 1278 275 1331 N
310 1278 410 1331 ihil
450 1295 551 1348 ego
591 1278 888 1347 composite
928 1277 1063 1345 dixi,
1104 1276 1197 1331 sed
1234 1274 1585 1346 neglegendo.

231 1351 279 1405 T
313 1370 405 1404 um
446 1351 652 1405 scilicet
690 1351 917 1403 mundus
957 1351 1165 1419 finitur,
1204 1368 1326 1403 cum
1364 1350 1455 1402 ille
1493 1347 1727 1417 parebit,
1847 1360 1874 1401 5

230 1425 278 1479 E
313 1428 338 1478 t
374 1428 484 1478 tres
523 1425 848 1493 imperantes
888 1425 1003 1492 ipse
1044 1423 1297 1477 deuicerit
1335 1422 1475 1475 orbi:

233 1497 274 1553 G
313 1517 405 1551 um
443 1498 606 1551 fuerit
644 1501 825 1551 autem
862 1496 1008 1551 Nero
1050 1497 1113 1550 de
1150 1496 1361 1550 inferno
1400 1497 1631 1564 leuatus,

229 1572 288 1625 H
317 1572 449 1625 elias
488 1572 670 1625 ueniet
706 1571 856 1640 prius
898 1571 1112 1640 signare
1150 1570 1387 1623 dilectos,

228 1645 282 1698 R
314 1663 369 1698 es
411 1648 636 1714 quassat
672 1645 779 1698 fine
818 1645 962 1714 regis
1002 1647 1055 1704 et
1094 1643 1316 1712 artatio,
1353 1645 1475 1695 tota

228 1718 262 1772 Ι
311 1738 349 1771 n
388 1721 593 1787 septem
631 1719 789 1772 annis
828 1717 1083 1771 tremebit
1118 1716 1352 1785 undique
1390 1719 1559 1768 terra:
1817 1727 1872 1767 10

231 1790 269 1847 S
310 1792 372 1846 ed
413 1792 651 1845 medium
689 1794 900 1860 tempus
940 1791 1126 1843 Helias
1135 1832 1150 1859 ,
1195 1789 1430 1843 medium
1468 1787 1614 1841 Nero
1653 1787 1874 1841 tenebit.

231 1865 280 1919 Τ
312 1883 416 1919 unc
455 1864 703 1934 Babylon
741 1865 997 1918 meretrix
1033 1865 1091 1918 in
1127 1864 1253 1934 igne
1291 1862 1437 1915 facta
1473 1861 1678 1931 fauilla3

235 1939 270 1992 I
318 1940 421 1992 nde
462 1939 530 1992 ad
568 1939 861 1992 Ierusalem
898 1941 1108 2008 perget,
1146 1937 1425 2006 uictorque
1463 1934 1688 2010 Latinus

231 2085 278 2139 T
311 2103 416 2139 unc
448 2085 611 2138 dicet:
652 2084 772 2154 Ego
807 2103 925 2137 sum
956 2081 1215 2148 Christus,
1255 2100 1413 2151 quem
1447 2098 1657 2150 semper
1689 2082 1873 2149 oratis,

228 2159 275 2212 E
309 2161 334 2211 t
373 2159 588 2227 quidem
628 2157 952 2211 conlaudant
988 2157 1140 2209 illum
1178 2154 1439 2224 primitiui
1478 2154 1710 2222 decepti,
1814 2165 1869 2206 15
1901 2216 1903 2218 q

228 2232 284 2286 M
311 2233 426 2285 ulta
465 2232 623 2302 signa
660 2231 792 2284 facit
830 2230 1084 2300 quoniam
1125 2229 1238 2283 eius
1276 2226 1760 2297 pseudopropheta.

229 2304 278 2358 P
309 2306 589 2359 raesertim
626 2307 688 2358 ut
726 2305 950 2358 credant
985 2304 1067 2357 illi
1104 2302 1340 2372 loquitur
1378 2301 1582 2371 imago,

230 2376 274 2431 0
310 2379 616 2448 mnipotens
653 2378 874 2447 tribuit,
911 2380 972 2430 ut
1009 2377 1134 2430 talis
1173 2374 1384 2428 euadat.
1520 2402 1522 2404 ·

227 2450 282 2504 R
312 2452 702 2520 ecapitulantes
743 2452 1037 2520 scripturas
1077 2468 1142 2502 ex
1181 2466 1243 2502 eo
1281 2447 1464 2501 Iudaei

227 2523 274 2578 E
309 2525 582 2578 xclamant
617 2525 823 2594 pariter
862 2524 929 2579 ad
966 2523 1255 2577 Excelsum
1295 2539 1410 2578 sese
1451 2520 1717 2589 deceptos,
1809 2533 1868 2574 20

346 2672 417 2725 40,
451 2673 499 2713 9:
532 2668 668 2713 Dent.
701 2673 773 2726 28,
807 2674 877 2713 66.
911 2693 966 2701 -
998 2672 1070 2723 41,
1102 2672 1151 2711 2:
1184 2666 1259 2710 Es.
1295 2670 1364 2722 14,
1401 2671 1467 2710 16.
1503 2669 1571 2709 17.
