2032 3220
768 225 1126 272 PRAEFATIO.
1613 226 1768 272 XXIII

4 310 26 394 f]
124 349 241 421 (sed
279 349 336 402 in
379 365 542 418 marg.
572 344 826 430 peryens),
866 345 933 414 B;
962 347 1138 413 perdit
1166 363 1382 414 peryens
1420 346 1555 416 Rig„
1596 345 1765 415 Oehl„

19 430 38 483 j
114 426 253 492 perit
283 439 496 491 peryens
534 421 806 474 DauisluS.
846 449 917 456 -—
956 437 1122 473 uanos
1158 417 1227 471 Β2
1252 420 1382 488 edd„
1420 422 1597 474 uarios
1634 420 1686 473 A
1712 424 1766 474 et

7 491 19 547 ἷτ
124 496 208 550 Bl.
248 527 316 534 —
364 515 414 548 ιι.
454 496 503 547 9.
540 495 810 562 perdoctus
850 492 979 562 edd„
1014 495 1287 561 perdoctus
1325 491 1407 564 (in
1446 511 1613 564 marg.
1643 508 1765 562 per-

0 574 35 679 'J
123 597 315 669 doctos)
357 598 422 667 A,
459 576 743 667 perdoctgs
782 595 842 649 B.

15 716 18 724 .
273 670 331 744 2)
369 671 669 737 Indiynatio
707 670 823 723 Dei.
861 701 936 708 —
982 690 1031 723 ιι.
1077 672 1119 723 1.
1166 670 1428 725 Dominus
1466 670 1596 740 AB,
1636 671 1767 739 edd„

19 791 23 797 .
125 748 269 803 Deus
306 745 458 799 Pitra
497 743 678 814 Spioil.
703 743 731 797 I
768 763 818 814 p.
845 744 968 797 543.
1004 774 1067 781 —
1112 748 1275 798 terrae
1313 743 1435 814 AB,
1475 745 1605 814 edd„
1643 745 1767 815 Rig.

12 851 41 870 s
122 822 183 874 in
219 838 420 874 recenS.
455 820 636 889 priore
677 822 933 885 terraeque
973 818 1271 886 scripserat.
1323 849 1392 856 —
1441 838 1491 871 ιι.
1530 820 1578 871 4.
1634 820 1769 872 indi·

117 895 303 963 qndtio
342 892 476 946 med:
531 892 595 945 de
640 893 662 944 i
708 909 946 944 consona
991 892 1140 945 uocis
1183 891 1540 962 ‘indignatio'
1581 893 1646 945 cf.
1687 893 1766 945 bi-

13 995 23 1035 1
127 963 294 1021 farios
316 968 360 1031 1,
379 966 466 1035 24,
488 967 571 1034 11,
606 965 988 1036 gazophylacio
1006 966 1056 1033 2,
1077 966 1160 1034 14,
1180 966 1264 1035 12,
1302 965 1407 1019 uid.
1425 965 1680 1019 L.Mue11.
1705 967 1768 1019 de

6 1046 8 1051 '
54 1082 57 1085 -
122 1060 180 1094 re
218 1042 372 1094 metr.
411 1059 462 1108 p.
501 1039 625 1092 243.
666 1069 735 1076 --
786 1059 835 1091 u.
876 1039 925 1093 5.
970 1040 1204 1107 Moysem
1242 1039 1374 1108 AB,
1412 1038 1597 1093 Mosen
1636 1039 1767 1109 edd.,

124 1114 266 1169 Gens
303 1114 450 1166 rudis
486 1117 605 1166 ante
633 1113 852 1182 Moysen
893 1114 1046 1180 [iam]
1085 1114 1196 1166 sine
1234 1114 1335 1182 leye
1371 1118 1576 1166 morata
1613 1112 1764 1166 Pitra

19 1243 23 1246 ,
123 1186 304 1257 Spicil.
340 1186 368 1239 I
404 1205 456 1255 p.
480 1186 603 1254 543,
638 1186 736 1250 *sed
775 1189 813 1239 t.
852 1185 932 1239 IV
971 1205 1021 1255 p.
1046 1186 1156 1239 225
1196 1187 1264 1239 ad
1302 1187 1544 1240 codic-um
1583 1188 1764 1241 lectio-

14 1282 18 1287 ·
120 1280 245 1315 nem
293 1263 453 1329 atque
501 1260 743 1313 ordinem
788 1260 960 1314 rediit.
1016 1291 1086 1297 —
1142 1279 1190 1313 ιι.
1238 1261 1286 1314 6.
1340 1261 1602 1327 defunctos
1650 1262 1766 1315 deos

27 1348 30 1350 ’
120 1335 341 1389 orabant
385 1333 498 1388 cod.
543 1331 642 1387 Sti.
679 1333 870 1386 Albini
908 1333 1186 1404 Andegau.
1236 1337 1373 1387 teste
1414 1334 1637 1387 Baluzio
1692 1335 1760 1387 ad

11 1450 14 1453 -
125 1407 379 1478 Cyprian.
420 1408 484 1460 de
520 1407 652 1461 Idol.
692 1407 830 1462 Van.
869 1427 919 1477 p.
960 1407 1066 1461 567
1107 1405 1298 1477 (Paris,
1342 1405 1532 1478 1726>3
1579 1410 1763 1462 morie-

31 1493 38 1532 .³
122 1487 196 1536 tes
232 1483 348 1535 deos
387 1499 459 1535 or.
499 1481 573 1550 A,
610 1482 882 1535 morientes
919 1483 966 1534 d.
1006 1499 1049 1535 o.
1088 1480 1150 1534 B.
1195 1513 1258 1519 ——
1301 1501 1350 1534 ιι.
1394 1483 1475 1535 10.
1525 1481 1766 1550 Omnipo-

11 1566 24 1608 .·
126 1557 252 1609 tenti
291 1554 412 1623 AB,
451 1556 766 1623 omnipotens
806 1555 921 1609 edd.
965 1586 1026 1592 ——
1071 1574 1120 1608 ιι.
1157 1556 1239 1608 12.
1277 1573 1364 1623 spe
1398 1556 1670 1622 fortunata
1709 1555 1768 1624 L,

121 1647 260 1698 spem
294 1630 620 1695 fortunatam
659 1627 773 1699 AB,
804 1646 904 1697 spe,
939 1629 1270 1695 fortunatum
1309 1629 1425 1683 edd.

10 1726 35 1750 ι
272 1702 331 1774 3)
372 1701 591 1757 Gutture,
627 1703 971 1757 Daemonum.
1025 1733 1096 1740 —
1151 1723 1202 1756 u.
1248 1705 1293 1757 1.
1345 1707 1616 1757 exornaret
1653 1703 1768 1771 AB,

8 1810 14 1815 -
126 1777 256 1846 edd„
295 1781 502 1830 ornaret
537 1776 687 1830 Pitra
727 1775 907 1846 spicil.
944 1776 972 1828 I
1008 1796 1060 1846 p.
1100 1777 1223 1830 543.
1266 1808 1330 1815 —
1374 1797 1425 1830 ιι.
1464 1777 1512 1830 3.
1562 1779 1766 1831 dimissi

30 1848 34 1861 ''
122 1849 169 1902 B
210 1851 341 1919 edd„
378 1852 585 1904 demtissi
623 1850 686 1902 A.
727 1879 794 1888 —-
836 1869 886 1902 u.
917 1850 1088 1903 4—6:
1132 1850 1304 1903 Tanta
1338 1851 1446 1917 fuit
1478 1851 1652 1916 forma
1688 1851 1762 1917 fe-

123 1925 403 1988 minarum,
439 1941 569 1990 quae
604 1924 819 1990 flecteret
853 1924 981 1976 illos.
1011 1924 1029 1992 ΙΙ
1067 1923 1138 1978 Ut
1165 1925 1485 1991 coinquinati
1513 1941 1619 1977 non
1650 1941 1765 1991 pos·

122 2001 245 2050 sunt
279 1998 414 2051 eaelo
450 1998 630 2061 redire,
654 1995 668 2066 ξζ
691 1996 916 2050 Rebelles
954 2014 1016 2050 ex
1052 1997 1142 2050 illo
1179 2002 1356 2051 eontra
1394 1997 1567 2051 Deum
1605 1999 1761 2051 uerba

122 2071 304 2123 misere
340 2070 407 2137 L,
467 2112 479 2124 .
504 2113 515 2124 .
540 2111 552 2123 .
575 2071 713 2133 illos,
778 2070 847 2124 Ut
882 2071 1200 2138 coinquinati
1245 2089 1350 2124 non
1379 2075 1589 2139 possent
1624 2072 1761 2125 eaelo

14 2196 15 2199 ,
121 2145 299 2197 redire.
358 2143 583 2197 Rebelles
620 2147 717 2198 etc.
757 2144 893 2212 edd.;
931 2163 980 2197 u.
1013 2143 1063 2197 5.
1092 2149 1314 2211 possunt
1348 2144 1409 2214 B,
1438 2149 1651 2213 possent
1680 2143 1761 2215 (in

10 2230 35 2254 -·
122 2235 290 2288 marg.
319 2217 561 2288 possunt)
593 2217 644 2270 A
684 2218 798 2271 edd.
831 2249 900 2255 —
939 2219 1075 2271 eaelo
1112 2219 1290 2283 redire,
1330 2218 1395 2271 de
1435 2218 1616 2272 datiuo
1656 2219 1762 2272 loci

30 2307 32 2311 ·
122 2291 188 2343 ef.
227 2291 394 2360 praef.
433 2290 608 2345 Oarm.
646 2291 803 2360 Apol.
844 2291 912 2344 ad
950 2310 998 2345 u.
1039 2291 1149 2345 670
1187 2294 1242 2344 et
1278 2292 1437 2345 indic.
1476 2292 1661 2346 uerbb.
1695 2323 1768 2330 --

123 2382 172 2417 11.
214 2366 260 2417 7.
314 2365 458 2418 misit
501 2366 560 2417 in
604 2366 713 2419 illis
758 2365 804 2417 B
853 2368 907 2418 et
944 2365 1000 2417 in
1039 2382 1207 2434 marg.
1247 2365 1319 2434 A,
1373 2383 1440 2418 m.
1477 2366 1513 2418 i.
1552 2366 1669 2419 illos
1710 2366 1761 2418 A

35 2433 41 2466 7
123 2437 238 2490 edd.
280 2468 343 2475 -—
387 2457 438 2491 ιι.
482 2438 564 2491 10.
612 2439 689 2492 Et
725 2440 915 2506 tinyere
952 2439 1104 2492 lanas
1140 2439 1419 2492 docuerunt
1454 2442 1502 2492 et
1536 2456 1761 2507 quaeque
1872 2504 1875 2507 .

16 2532 48 2579 ς
116 2516 395 2579 ,ᾳθηιηέαη
449 2529 671 2580 quaeque
710 2512 900 2581 scripsi
938 2530 1037 2580 pro
1075 2529 1421 2579 quaeeunque,
1477 2512 1542 2566 cf.
1584 2510 1760 2565 Carm.

47 2619 49 2622 -
123 2583 283 2654 Apol.
322 2603 407 2638 ιιιι.
450 2586 556 2638 742
594 2588 648 2638 et
688 2586 818 2654 7963
857 2603 1181 2653 quaeeunque
1218 2585 1315 2638 AB
1358 2585 1497 2654 edd.;
1537 2603 1762 2653 quaeque

34 2702 37 2706 ,
125 2659 325 2712 omisso
371 2663 418 2711 et
460 2657 608 2711 Pitra
646 2658 823 2728 spicil.
861 2659 888 2711 I
929 2659 1060 2726 543,
1112 2658 1255 2711 idem
1295 2660 1425 2727 tinyi
1463 2659 1761 2729 proposuit.

125 2760 197 2771 —-·
235 2751 285 2784 ιι.
306 2731 388 2784 13.
426 2733 584 2799 recipi
621 2732 671 2785 A
711 2733 841 2800 edd„
878 2734 1040 2800 recepi
1078 2731 1140 2786 B.
1173 2762 1243 2771 --—
1276 2751 1324 2784 ιι.
1347 2734 1428 2785 14.
1479 2731 1621 2786 Unde
1659 2749 1763 2784 mo-

38 2817 41 2821 ·
124 2804 188 2857 do
225 2807 350 2873 uayi
385 2805 686 2858 subuertit-nt
722 2823 934 2874 corpora
963 2806 1127 2859 multa
1159 2805 1271 2859 cod.
1298 2805 1393 2859 Sti.
1408 2805 1594 2858 Albini
1626 2808 1766 2858 teste

12 2863 43 2938 J.
127 2875 354 2932 Baluzio
397 2878 463 2931 ad
503 2879 660 2948 Cypr.
700 2898 819 2948 opp.
858 2898 908 2948 p.
949 2879 1072 2949 571,
1110 2877 1224 2932 ΑΒ.
