2032 3220
295 228 380 272 XX
926 220 1284 268 PRAEFATIO.

296 347 582 399 Praeterea
620 345 742 397 uide
783 361 918 413 quae
966 342 1032 395 ad
1070 342 1138 411 II,
1182 342 1266 394 14.
1307 340 1374 393 15
1423 339 1486 392 de
1526 340 1822 392 carminum
1862 340 1936 393 dj-

302 419 590 488 scriptione
628 418 875 470 diximus.
1805 483 1809 486 .

447 490 752 561 Sequuntur
806 489 1031 558 denique
1087 486 1534 540 Commodianum
1593 487 1652 539 in
1707 489 1936 556 utroque

298 565 614 634 apographo
655 563 838 616 eadem
877 562 1243 638 miscellanea„
1276 578 1411 630 quae
1434 561 1662 630 triginta
1684 559 1796 612 fere
1820 578 1935 613 uer-

303 658 392 691 sus
433 639 703 706 explentes
746 636 821 689 sic
859 637 1136 705 leguntur:
1904 703 1914 713 .

374 769 592 821 ‘Melan
634 771 714 821 est
751 767 977 837 frigidus
1018 770 1072 818 et
1110 766 1280 819 siccus
1293 769 1380 847 ,ut
1417 768 1560 818 terra
1598 705 1939 833 pamlaelilppeut

305 847 358 895 et
397 861 586 910 parum
624 842 721 910 p6t

372 915 446 968 Et
483 915 649 967 habet
686 915 816 966 haec
855 913 1066 965 inuidus
1107 914 1161 964 et
1190 910 1630 1036 tristisepgipidus,
1649 911 1937 980 dextraque

447 1076 631 1144 Itaque
671 1074 891 1126 dubium
929 1091 1040 1126 non
1080 1076 1175 1142 est,
1214 1073 1346 1142 quin
1377 1071 1483 1124 AB
1524 1091 1588 1125 ex
1628 1072 1814 1125 eodem
1855 1089 1936 1124 co·
2028 1072 2032 1118 ἶ

302 1149 414 1201 dice
451 1150 670 1216 parente
694 1147 980 1216 propagati
1006 1147 1127 1213 sint,
1167 1164 1324 1216 quem
1354 1145 1518 1198 fuisse
1549 1145 1939 1198 Middlehillen-
2029 1164 2032 1208 ξ

304 1240 415 1274 sem
476 1221 768 1273 uerisimile
831 1223 931 1288 est,
991 1238 1120 1272 nam
1174 1219 1482 1289 aenigmata
1535 1219 1651 1287 illa,
1714 1237 1940 1288 quorum

299 1294 592 1347 Haenelius
632 1294 957 1346 mentionem
996 1293 1143 1362 facit,
1183 1309 1473 1362 agnoscere
1504 1292 1638 1344 mihi
1669 1293 1854 1346 uideor
1884 1293 1942 1344 in

302 1367 582 1420 sententiis
621 1367 729 1420 illis
771 1366 1145 1419 miscellaneis,
1221 1365 1339 1418 Iam
1379 1383 1498 1418 cum
1537 1365 1758 1418 Baluzio
1797 1368 1939 1418 teste

299 1439 341 1492 I.
398 1438 710 1492 Sirmondus
766 1439 1138 1509 apographum
1195 1457 1349 1491 suum
1403 1458 1467 1491 ex
1520 1439 1698 1492 codice
1755 1437 1940 1492 Sancti

302 1513 488 1566 Albini
515 1512 925 1582 Andegauensis
963 1512 1415 1581 transscripserit,
1454 1512 1765 1565 concludere
1803 1513 1941 1580 licet,

301 1586 499 1638 librum
547 1604 645 1637 ms.
686 1586 814 1638 olim
851 1585 1131 1656 AndegaU.
1174 1603 1318 1638 nunc
1362 1587 1420 1638 in
1464 1586 1790 1639 bibliotheca
1828 1585 1941 1639 Me-

306 1659 656 1712 diomontana
690 1659 976 1712 adseruari.
1030 1658 1178 1710 Haec
1208 1659 1375 1711 habui
1408 1677 1542 1728 quae
1582 1659 1645 1711 de
1687 1659 1938 1711 subsidiis

308 1732 509 1784 criticis
549 1749 722 1784 nouae
762 1732 1010 1784 editionis
1050 1732 1292 1784 dicerem.

450 1804 516 1856 In
562 1805 782 1874 plagula
827 1805 1036 1874 utrique
1083 1805 1223 1857 libro
1270 1805 1641 1873 msspraefixa
1684 1805 1818 1859 haec
1865 1806 1938 1858 le-

304 1880 525 1947 guntur:
564 1876 920 1931 Commodiani
943 1878 1311 1931 Instructiones
1331 1896 1430 1945 per
1461 1879 1659 1932 litteras
1695 1896 1939 1932 uersuum

2026 1899 2032 1907 ι
2024 1854 2032 1879 ..η
2024 1457 2032 1841 ...αιῂᾼ-..ᾳ-..ι-Δ-ᾑη-ημ-
2028 1415 2032 1435 ,.

295 1951 502 2018 primas
540 1948 636 2019 (A;
675 1952 732 2003 in
770 1951 815 2003 B
854 1951 985 2004 haec
1025 1951 1191 2003 uerba
1228 1950 1458 2021 desunt).
1537 1951 1844 2005 Gennadius
1882 1954 1941 2006 de
2027 1959 2032 2016 j

318 2024 458 2076 Viris
496 2023 537 2075 Ι
541 2024 805 2077 llustribus
843 2023 893 2076 A
971 2023 1290 2077 Gennadius*
1312 2026 1372 2076 de
1407 2026 1543 2077 uiris
1580 2026 1867 2078 illustribus

1055 2097 1192 2148 uixit
1226 2113 1274 2148 a.
1312 2096 1382 2149 D.
1421 2101 1527 2150 490
1565 2097 1626 2150 Β.

306 2168 702 2222 Commodianus
739 2169 862 2222 dum
899 2169 1033 2221 inter
1069 2170 1317 2222 seculares
1356 2170 1528 2222 literas
1555 2169 1627 2238 (A
1652 2171 1846 2224 litteras
1869 2170 1939 2240 B)
2028 2174 2032 2181 ’

306 2243 461 2294 etiam
497 2246 701 2294 nostras
739 2243 867 2310 leyit,
906 2242 1213 2295 occasionem
1250 2244 1438 2310 aceepit
1473 2244 1606 2310 fidei,
1642 2243 1811 2309 faetus
1841 2246 1936 2296 ita-

305 2332 400 2381 que
445 2313 772 2368 Christianus
823 2319 871 2367 et
921 2315 1095 2368 uolens
1147 2316 1350 2382 aliquid
1391 2317 1676 2369 studiorum
1729 2333 1940 2370 suorum

306 2389 534 2441 muneris
570 2387 751 2452 offerre
788 2387 988 2441 Christo
1026 2405 1150 2440 suae
1186 2389 1370 2442 salutis
1406 2391 1603 2442 auctori
1641 2388 1836 2459 (autori
1865 2388 1937 2460 Β)

305 2461 512 2527 sm'IJsit
555 2462 794 2513 mediocri
837 2477 1062 2514 sermone
1105 2463 1257 2528 quasi
1292 2479 1444 2515 uersu
1481 2464 1729 2516 aduersus
1765 2463 1938 2531 Paya-

305 2550 410 2586 nos.
487 2538 534 2586 et
576 2535 700 2600 quia
735 2538 951 2601 patrum
996 2538 1287 2587 nostrorum
1331 2537 1570 2603 attiyerat
1607 2537 1802 2590 litteras
1841 2535 1932 2605 (B3

303 2609 514 2672 patrum
551 2610 841 2659 nostrorum
880 2608 1053 2660 literas
1093 2607 1163 2675 A,
1203 2624 1394 2674 parum
1431 2613 1727 2662 nostrarum
1765 2611 1938 2677 attiye-
2006 2618 2016 2634 '⁴

309 2683 397 2731 rat
433 2679 699 2732 literarum
738 2679 788 2732 A
827 2680 885 2732 in
915 2697 1106 2749 marg.;
1135 2698 1331 2747 parum
1368 2686 1663 2735 nostrarum
1702 2684 1942 2751 attiyerat

310 2753 599 2805 litterarum
659 2751 899 2805 Gennad.
964 2753 1042 2805 ed.
1095 2752 1279 2822 Migne
1333 2758 1371 2806 t.
1419 2753 1602 2807 LVIII
1655 2774 1706 2824 p.
1758 2755 1940 2826 1068),

308 2826 474 2892 mayis
517 2826 725 2878 illorum
767 2827 1005 2894 doymata
1049 2827 1298 2879 destruere
1339 2829 1507 2894 potuit
1549 2846 1705 2895 quam
1761 2833 1940 2882 nostra
