2010 3220
0 959 12 1027 *W-

6 2210 13 2217 .
4 2185 16 2199 0
7 2172 9 2175 -
2 2005 17 2162 aaa-emm·-
4 1991 10 1997 =
0 1502 20 1977 mmm-pm·
0 1391 14 1493 u—‘u-*u‘
0 1206 17 1381 omna-0⁶·-
2 1195 4 1199 ’

775 202 1133 250 PRAEFATIO.
1580 208 1774 251 XXXIX

124 343 223 395 per
261 326 407 396 (post
442 325 493 377 A
530 325 588 377 in
626 323 716 394 m.)
753 324 791 390 f.
815 340 858 376 r.
881 340 930 376 u.
956 323 1070 391 AB,
1108 325 1178 378 N.
1218 326 1298 378 illi
1326 327 1536 392 prodest
1561 331 1681 394 post
1715 327 1773 393 f„

133 417 176 452 r.
223 400 314 467 qui
358 399 498 452 uixit
541 397 655 450 edd.
695 428 765 435 —
804 416 854 449 ιι.
898 398 979 449 19.
1027 398 1128 450 loco
1166 397 1212 449 B
1253 398 1392 465 edd.,
1447 400 1554 451 loca
1592 400 1656 452 A.
1703 430 1765 438 —

133 473 361 541 maliyno
406 470 537 539 edd,
590 470 655 523 cf.
701 488 837 540 quae
884 471 941 522 in
988 469 1253 540 Philolog.
1292 470 1531 524 XXXVI
1568 475 1605 525 t.
1646 474 1680 525 2
1719 492 1796 541 p.-

132 546 243 599 286
269 563 346 613 sq.
392 544 638 611 disserui3
699 544 919 611 maliym'
955 542 1068 595 AB.
1106 573 1180 582 -—-
1225 563 1274 597 ιι.
1313 545 1400 596 22.
1458 545 1555 597 Vos
1599 550 1770 598 autem

129 619 277 673 dubii
316 617 406 687 (L,
450 617 620 670 dubiis
656 615 726 687 B)
764 617 823 668 in
859 633 952 669 uos
989 615 1052 683 B,
1122 618 1178 670 V.
1215 634 1263 669 a.
1301 617 1490 670 dabitis
1526 619 1561 670 i.
1600 635 1650 670 u.
1690 618 1770 685 A.,

145 691 296 744 Vobis
339 708 388 743 a.
432 691 602 743 dubiis
636 691 672 742 i.
709 707 761 742 u.
801 689 965 756 (intus
1003 689 1177 759 Oehl.)
1226 690 1340 742 edd.
1384 719 1446 728 -—-
1495 708 1670 758 paena
1710 691 1770 744 B.

138 794 207 814 —.-
246 783 297 817 u.
335 764 422 817 23.
483 763 687 816 tortoris
730 762 829 815 AB
868 761 1005 830 edd.;
1060 763 1180 832 Rig.
1228 763 1461 832 primum
1508 767 1771 817 tentatoris

132 838 439 906 scripserat,
479 836 571 889 sed
610 838 800 905 postea
837 835 905 887 ad
942 834 989 887 Β
1026 836 1197 888 rediit.

284 937 381 1009 25)
424 938 525 1004 Qui
555 940 734 991 timent
761 943 809 991 et
835 955 940 991 non
969 940 1191 991 credunt.
1214 969 1287 976 —-
1310 940 1508 992 credent
1529 938 1626 991 AB
1654 939 1767 991 edd.

133 1013 194 1065 in
230 1013 416 1083 titulo,
466 1010 559 1065 sed
597 1011 736 1065 male
773 1029 873 1064 nos
911 1010 1077 1064 habet
1113 1010 1282 1064 futuri
1320 1016 1358 1065 t.
1397 1011 1593 1080 forma,
1632 1030 1767 1081 quae

134 1103 308 1155 neque
347 1084 598 1138 carminis
638 1087 955 1155 argumento
994 1085 1299 1154 postulatur
1336 1103 1509 1155 neque
1550 1086 1769 1138 acrosti-

135 1159 291 1213 chide
342 1157 475 1211 satis
527 1157 796 1226 firmatur,
850 1175 971 1211 cum
1017 1156 1114 1210 illo
1161 1175 1347 1210 uersus
1386 1158 1768 1211 undeuicesimi

135 1232 255 1286 loco
301 1231 457 1284 ualde
498 1231 790 1300 deprauato
836 1230 1092 1284 facillime
1129 1236 1352 1284 uentura
1388 1249 1485 1300 pro
1525 1235 1771 1284 euentura

134 1305 465 1358 restituatur.
541 1306 719 1375 Atque
765 1305 823 1356 in
869 1306 1160 1372 conspectu
1198 1305 1438 1373 capitum
1476 1305 1772 1373 praemisso

134 1380 349 1432 credunt
398 1381 622 1447 uterque
677 1377 842 1431 codex
896 1395 992 1430 suo
1045 1378 1163 1431 loco
1204 1378 1455 1446 praebet.
1510 1408 1573 1415 —
1632 1397 1682 1430 u.
1728 1381 1774 1430 1.

133 1452 370 1519 quandiu
406 1450 520 1504 AB.
551 1482 621 1488 —
661 1468 948 1518 coynosoere
978 1450 1039 1519 B,
1081 1468 1346 1519 aynoscere
1385 1450 1500 1503 edd.
1540 1480 1610 1489 —
1649 1469 1699 1503 ιι.
1724 1452 1774 1504 2.

132 1526 276 1579 uitas
311 1542 496 1592 ayrum
531 1524 584 1577 A
607 1523 737 1593 edd„
773 1525 887 1576 uita
922 1541 1128 1577 sacrum
1165 1523 1216 1576 A
1253 1524 1312 1576 in
1350 1543 1433 1591 m.,
1471 1522 1533 1576 B.
1572 1553 1643 1561 —
1682 1529 1776 1577 ste-

132 1599 230 1653 rili
264 1599 463 1651 semina
501 1597 633 1667 edd.,
668 1598 834 1652 sterili
868 1599 1059 1651 semine
1095 1595 1161 1666 A,
1197 1598 1340 1650 serili
1376 1598 1576 1650 sem-ina
1612 1595 1675 1649 Β.
1704 1627 1772 1635 -

137 1691 188 1724 ιι.
212 1671 261 1725 3.
299 1672 451 1739 sylua
489 1673 553 1725 A.
597 1701 659 1708 —
701 1690 752 1723 u.
768 1671 818 1723 4.
860 1671 943 1724 Tu
978 1671 1108 1724 dicis
1145 1669 1197 1722 A
1236 1669 1365 1738 edd„
1403 1671 1589 1723 iudicis
1626 1670 1675 1721 A
1718 1670 1776 1722 in

139 1763 226 1813 ιιι,
262 1743 325 1799 B.
363 1774 435 1782 —-
474 1763 524 1797 ιι.
564 1744 614 1798 5.
652 1745 711 1797 in
747 1744 875 1798 aula
911 1742 1028 1812 AB,
1064 1745 1123 1796 in
1160 1744 1339 1796 aulam
1378 1742 1493 1795 edd.
1536 1773 1599 1780 —
1642 1762 1694 1797 ιι.
1727 1743 1776 1796 6.

138 1819 315 1872 messis
352 1818 404 1870 A
442 1817 572 1886 edd„
610 1834 804 1870 messus
840 1817 903 1871 Β.
947 1847 1007 1854 —-
1051 1835 1101 1869 u.
1127 1817 1174 1869 7.
1217 1815 1409 1882 Quodsi
1446 1815 1559 1884 AB,
1602 1815 1775 1881 Quid?

137 1891 278 1960 cdd.3
318 1889 469 1943 Oehl.
494 1891 571 1942 sic
610 1889 879 1942 distinxit:
922 1889 1094 1955 Quid?
1135 1889 1258 1941 Non
1282 1893 1327 1942 te
1338 1889 1605 1956 paenitet?
1644 1889 1777 1951 Inde

138 1966 263 2016 cett.
313 1993 383 2001 --
434 1982 484 2016 ιι.
524 1963 574 2015 9.
626 1964 769 2016 adest
806 1961 902 2015 AB
939 1962 1074 2032 Rig,
1127 1962 1266 2015 abest
1302 1961 1454 2015 Oehl.
1495 1990 1560 2000 —
1603 1980 1652 2014 ιι.
1698 1962 1778 2014 10.

130 2041 366 2104 posterae
403 2034 475 2105 A,
518 2040 719 2103 poscere
755 2035 819 2088 B.
859 2066 928 2074 --
975 2054 1026 2087 ιι.
1070 2037 1151 2087 11.
1208 2036 1279 2088 Te
1315 2036 1400 2088 cui
1437 2035 1776 2103 desiynabas?

136 2109 374 2163 Crederis
411 2109 471 2178 L,
507 2109 560 2162 h.
584 2128 628 2163 e.
666 2111 845 2162 utram
883 2110 1056 2179 legem
1097 2109 1374 2176 amplexus
1414 2108 1506 2160 es?
1547 2108 1775 2161 crederis

138 2184 197 2235 in
233 2183 291 2236 L.
330 2183 561 2236 secunda
604 2186 760 2235 stare.
838 2183 909 2236 Te
943 2183 1034 2250 qui
1069 2182 1371 2249 desz'ynabas
1408 2182 1624 2234 crederis
1662 2180 1775 2247 AB,

145 2257 215 2309 Te
251 2257 453 2324 quidem
488 2256 728 2323 siynabat
772 2257 1082 2309 crediturum
1136 2255 1249 2308 edd.
1307 2284 1373 2292 —
1431 2255 1522 2307 tibi
1549 2258 1778 2322 potentes

141 2329 272 2392 edd„
309 2330 408 2383 sibi
434 2330 683 2397 pudentes
722 2329 786 2395 A,
823 2330 925 2382 sibi
955 2329 1232 2395 prudenter
1268 2327 1332 2380 Β.
1374 2357 1438 2364 -
1481 2346 1530 2379 ιι.
1574 2327 1655 2380 13.
1696 2327 1776 2379 ob·

138 2407 284 2470 stupe
319 2404 428 2455 iam
462 2403 634 2468 factus
672 2400 847 2472 (fatus
869 2401 939 2472 B)
977 2402 1036 2454 in
1066 2401 1117 2453 A
1149 2401 1224 2453 sic
1258 2400 1516 2468 scriptum
1555 2403 1657 2452 est:
1696 2400 1778 2452 ob·

139 2480 284 2543 stupe
326 2504 390 2512 —
431 2476 541 2528 iam
580 2506 647 2513 -
685 2476 855 2542 faetus
898 2496 987 2544 —3
1027 2474 1090 2526 de
1128 2473 1289 2527 tmesi
1328 2474 1392 2525 cf.
1430 2472 1556 2526 Luc.
1596 2471 1779 2524 Muell.
1870 2476 1873 2478 ’

142 2547 195 2601 d.
233 2567 274 2601 r.
315 2567 384 2601 m.
422 2567 470 2616 p.
497 2549 619 2602 368.
661 2578 730 2586 —
769 2566 861 2601 ora
885 2553 940 2601 tu
979 2546 1091 2616 AB,
1128 2548 1251 2599 iura
1274 2551 1320 2599 te
1357 2546 1471 2599 edd.
1515 2575 1578 2583 —
1621 2564 1670 2597 ιι.
1695 2545 1778 2596 16.

131 2638 281 2689 posse
318 2627 366 2674 et
399 2623 597 2675 uiuere:
635 2622 835 2674 inserui
873 2626 932 2675 et.
974 2650 1043 2658 -——
1083 2639 1135 2673 n.
1163 2621 1244 2672 17.
1282 2620 1526 2672 discredis
1563 2618 1612 2670 A
1645 2617 1777 2684 edd„

35 2727 37 2730 Α
141 2739 371 2792 discretis
407 2737 470 2791 B.
509 2769 578 2775 —
627 2757 676 2791 u.
721 2740 801 2792 18.
855 2755 970 2791 reus
1008 2737 1059 2790 A
1098 2736 1228 2804 edd,
1279 2690 1455 2788 νέςῖΒ.
1495 2763 1566 2770 -—
1607 2751 1653 2785 ιι.
1697 2733 1778 2784 19.

155 2811 382 2864 Ventura
427 2828 612 2864 canam
660 2812 851 2881 scripsi
896 2829 993 2879 pro
1041 2810 1264 2879 uulgata
1302 2812 1544 2861 euentura
1581 2821 1780 2869 canam,
