2032 3220
731 228 1087 274 PRAEFATIO.
1622 230 1733 275 XXI

3 339 20 383 ²
99 353 326 420 firmare.
391 349 533 405 Unde
571 354 618 402 et
653 351 713 402 de
750 350 946 403 diuinis
983 349 1462 416 repromissionibus
1490 350 1738 404 aduersus

100 426 218 479 illos
255 425 354 478 uili
389 425 518 477 satis
555 428 606 476 et
641 440 810 477 crasso
847 427 906 476 ut
943 424 1018 476 ita
1048 423 1267 475 dixerim
1298 439 1450 476 sensu
1481 424 1733 488 disseruit,

96 499 205 552 illis
241 502 510 566 stuporem,
547 497 693 550 nobis
730 498 1125 564 desperationem
1162 497 1428 561 incutiens,
1465 497 1738 549 Tertullia-

97 590 223 626 num
259 576 308 625 et
335 572 667 625 Lactantium
705 575 753 623 et
781 571 1008 638 Papiam
1044 574 1272 623 auctores
1309 574 1506 623 secutus
1535 571 1736 622 studen-

99 646 233 699 tibus
277 645 558 698 inculcauit
603 642 758 714 (AB3
808 649 1018 698 secutus.
1094 644 1355 696 Moralem
1391 659 1515 696 sane
1552 645 1736 696 doctri-

100 736 226 773 nam
263 722 311 771 et
340 719 564 771 maxime
592 718 922 771 uoluntariae
943 718 1268 785 paupertatis
1297 734 1524 770 amorem
1554 718 1739 784 optime

98 796 403 861 prosecutus,
427 792 743 845 studentibus
763 792 1058 845 inculcauit.
1083 789 1322 847 Gennad.
1347 791 1426 843 ed.
1443 789 1610 860 Mign.
1629 791 1662 843 l.
1679 788 1737 860 1.)

210 864 452 919 Gelasius
489 865 562 917 II
597 866 657 918 de
696 865 842 918 libris
879 864 1183 933 apocryphis
1222 863 1287 933 A,

0 951 7 1005 ἦ
96 941 155 992 111
207 938 254 991 Β
309 939 442 991 haec
495 939 663 991 uerba
717 942 986 1007 expuncta
1042 942 1191 1006 sunt,
1229 940 1300 1007 ‘et
1354 939 1524 991 altera
1577 955 1741 989 manu

2 1032 7 1037 ’
96 1013 229 1066 haec
269 1012 500 1066 adiecta:

213 1084 511 1154 Gelasius*)
550 1086 808 1152 episcopus
858 1085 1010 1140 Urbis
1048 1085 1244 1139 Romae
1281 1086 1470 1138 decreto
1509 1085 1568 1137 de
1605 1084 1744 1151 Apo-

322 1158 527 1228 cryphis
549 1160 834 1226 scripturis,
859 1160 917 1212 in
941 1157 1167 1212 Concilio
1189 1158 1285 1212 Ro.
1310 1159 1415 1212 An.
1438 1157 1592 1211 Dom.
1616 1161 1738 1211 494.

286 1233 529 1302 opuscula
572 1232 884 1285 Tertulliani
922 1232 1214 1301 apocrypha

287 1306 530 1375 opuscula
567 1306 835 1359 Lactcmtii
871 1306 1165 1375 apocrypha

288 1380 532 1450 opuscula
570 1380 822 1446 Africani
858 1380 1149 1448 apocrypha

1146 1455 1163 1484 ¹?

289 1498 533 1566 opuscula
570 1497 936 1551 Posthumiani
974 1501 1033 1550 et'
1059 1496 1207 1550 Galli
1244 1495 1535 1564 apocrypha

286 1571 527 1639 opuscula
565 1571 815 1624 Montani
844 1570 1117 1624 Priscillae
1155 1575 1203 1623 et
1230 1571 1443 1623 Maaim
1472 1570 1594 1623 illae
1621 1586 1742 1638 apo-

365 1644 555 1713 erypluz

287 1719 531 1786 opuscula
569 1719 747 1772 omnia
783 1717 979 1771 Fausti
1014 1718 1319 1771 Manichaei
1356 1716 1647 1786 apocrypha

250 1791 545 1860 ÷÷Opuscula
600 1791 958 1846 Commodiani
1012 1791 1303 1860 apocrypha
1357 1790 1446 1862 (in
1500 1790 1743 1860 margine

100 1866 232 1918 haec
273 1865 456 1918 addita
494 1868 641 1918 sunt:
678 1863 815 1918 ÷÷non
854 1865 1037 1932 leqitur
1073 1866 1215 1932 apud
1252 1861 1592 1934 Gratianum)
1635 1894 1704 1901 ——

255 1937 508 2008 Sequitur
548 1938 707 1990 index
747 1938 1044 1990 carminum
1083 1938 1281 2007 prioris
1320 1938 1446 1990 libri
1484 1938 1594 1990 hic:

110 2014 153 2064 1.
199 2011 482 2077 Praefatio.
553 2012 603 2064 2.
649 2011 952 2079 Indiynatio
990 2011 1106 2064 Dei.
1179 2012 1228 2064 3.
1268 2010 1486 2064 Cultura
1523 2009 1744 2063 Daemo-

106 2102 246 2138 num.
308 2086 358 2138 4.
398 2084 672 2139 Saturnus.
727 2085 778 2138 5.
815 2085 1066 2152 Iuppiter.
1122 2086 1169 2138 6.
1208 2084 1291 2138 De
1324 2085 1546 2150 fulmine
1582 2085 1747 2151 ipsius

101 2158 250 2228 Iouis
291 2158 464 2229 (deest
493 2159 666 2212 audite
703 2159 761 2211 in
791 2157 940 2227 AB).
1003 2159 1050 2211 7.
1081 2158 1164 2212 De
1193 2159 1467 2225 septizonio
1498 2162 1545 2211 et
1571 2157 1744 2211 stellis.

105 2233 154 2286 8.
196 2231 279 2286 De
315 2233 417 2285 sole
455 2237 503 2286 et
540 2233 676 2286 luna.
739 2233 788 2285 9.
826 2232 1136 2286 Mercurius.
1196 2233 1278 2285 10
1319 2232 1603 2299 Neptunus.
1662 2231 1745 2282 11.

103 2306 292 2373 Apollo
329 2307 598 2374 sortileyus
632 2306 815 2372 falsus.
879 2306 962 2358 12.
1000 2306 1157 2359 Liber
1177 2310 1331 2373 pater
1353 2305 1605 2358 Bacchus.
1663 2304 1743 2356 13.

102 2378 355 2432 Inuictus.
429 2380 512 2433 14.
551 2379 842 2447 Syluanus
881 2377 1051 2450 (AB).
1121 2380 1209 2432 15.
1248 2379 1510 2432 Hercules.
1567 2378 1647 2431 16.
1686 2378 1747 2430 de

107 2452 208 2505 diis
242 2450 315 2522 (A
326 2450 397 2523 B)
430 2453 724 2521 deabusque.
778 2454 859 2506 17.
898 2452 980 2505 De
1017 2453 1310 2506 simulacris
1346 2469 1535 2505 eorum.
1587 2452 1669 2503 18.
1694 2449 1745 2502 A

104 2525 329 2594 praebet
374 2526 622 2579 lacunam
668 2527 827 2579 unius
875 2544 1086 2595 uersus3
1140 2528 1197 2580 in
1242 2525 1288 2579 B
1337 2525 1746 2608 inscriptionem

105 2599 491 2653 deAmmudate
517 2605 565 2653 et
585 2601 674 2653 deo
696 2617 882 2668 maqno
908 2618 940 2652 a
963 2601 1223 2669 primario
1248 2599 1469 2652 librario
1489 2598 1745 2651 omissam

107 2672 278 2725 altera
315 2691 507 2726 manus
548 2673 768 2726 addidit
833 2673 916 2726 19.
956 2673 1270 2727 Nemesiacis
1307 2673 1477 2725 uanis,
1531 2671 1618 2723 20.
1660 2669 1745 2722 Ti-

194 2772 237 2828 *)
270 2772 336 2818 Cf.
367 2772 560 2818 tertiam
590 2773 651 2818 ad
682 2787 824 2831 opera
854 2773 1027 2818 Gelasii
1059 2773 1387 2830 appendicem.
1421 2771 1592 2817 Concil.
1611 2771 1745 2815 Rom.

107 2829 129 2873 I
160 2845 196 2875 0.
215 2835 242 2874 5
277 2831 312 2886 (‘
317 2831 488 2876 notitia
517 2789 742 2877 librorum
773 2833 1145 2890 apocryphorum
1177 2831 1257 2887 qui
1289 2845 1383 2876 11011
1413 2828 1719 2886 recipiuntur'
1727 2830 1744 2884 )

106 2904 150 2945 p.
186 2894 270 2934 163
303 2890 372 2935 ed.
404 2890 575 2947 Migne.
