2010 3220
220 190 322 234 LIV
854 186 1215 233 PRAEFATIO.

219 356 411 407 uiuunt
447 353 493 405 B
533 353 662 421 edd„
700 324 884 405 uinum
922 350 986 403 A.
1026 381 1096 388 —
1136 370 1186 404 ιι.
1230 352 1311 404 12.
1368 351 1512 404 Inibi
1550 350 1678 415 edd„
1715 348 1857 404 intus

220 457 285 524 A,
323 457 454 509 inibi
491 455 551 508 Β.
593 487 663 493 -
693 455 882 522 pluuia
924 453 1037 506 edd.
1039 453 1328 521 ,pluuiam
1359 453 1469 507 AB.
1510 485 1581 491 —
1615 454 1787 522 friqus
1809 453 1855 506 B

1627 528 1631 531 ⁴
1677 529 1858 570 aratore

222 589 352 657 edd„
388 589 544 656 friyet
581 588 646 639 A.
685 617 754 624 —
795 605 844 638 ιι.
890 585 972 638 15.
1021 590 1225 639 auctore
1261 585 1858 655 Rig.Kae1b.‚au9ure

221 661 341 729 AB,
390 666 611 714 creatore
649 658 858 729 (apogr.
898 657 1054 712 Sirm.
1097 658 1170 726 [P]
1210 662 1348 712 teste
1388 628 1661 731 Schurzfs.)
1702 659 1855 714 Oehl.

228 766 288 772 -
321 739 518 803 parata
542 733 600 803 L,
622 737 784 800 parat
804 732 918 800 AB,
947 737 1102 800 paret
1122 732 1260 802 Rig„
1288 737 1435 800 patet
1457 733 1629 803 Oeh1.;
1670 733 1856 786 Kaelb.

220 827 380 861 uersu
422 809 489 860 16
535 807 687 860 uncis
727 806 934 860 incluso
974 824 1090 858 uoc,
1131 805 1336 874 ‘parab'
1377 824 1498 859 cum
1538 825 1707 860 accus„
1749 806 1853 859 ‘ra-

221 881 417 934 dicem'
459 881 753 951 coniungit.
794 910 862 917 —-
903 898 952 932 ιι.
997 880 1077 932 17.
1123 896 1238 932 eum
1277 878 1343 948 L,
1395 881 1454 932 in
1494 879 1590 932 AB
1631 880 1746 934 edd.
1791 911 1851 918 ——

220 975 268 1007 ιι.
298 956 380 1008 18.
418 956 591 1008 urbem
630 953 744 1022 AB,
781 953 903 1006 urbe
942 952 1056 1005 edd.
1098 982 1167 990 —
1207 972 1256 1007 ιι.
1285 954 1366 1006 19.
1405 971 1594 1022 anyore
1631 951 1702 1005 13²
1726 954 1857 1023 edd„

220 1047 416 1096 auyure
452 1027 521 1094 B,
575 1045 769 1095 auyure
812 1027 898 1079 uel
945 1043 1138 1094 auyure
1178 1027 1241 1079 A.
1285 1057 1348 1064 —-
1393 1030 1637 1095 saeptus:
1691 1032 1858 1095 septus

219 1100 290 1153 Β2
313 1102 441 1170 edd„
478 1103 656 1169 septies
679 1098 813 1154 AB1.
856 1130 922 1137 —
964 1118 1012 1152 ιι.
1038 1100 1124 1153 21.
1153 1104 1390 1168 praestat
1423 1099 1612 1154 Kaelb.
1614 1106 1859 1169 ,perstat

222 1175 336 1244 ΑΒ,
365 1177 546 1242 perdet
582 1174 696 1227 edd.

235 1270 238 1272 ·
367 1248 438 1317 ΙΙ,
454 1250 502 1301 4.
542 1248 625 1301 De
647 1249 728 1300 die
750 1248 944 1300 iudicii.
974 1276 1035 1284 —
1063 1265 1113 1299 u.
1130 1247 1180 1299 2.
1210 1247 1483 1300 donabitur
1506 1247 1600 1315 (=
1618 1247 1856 1317 dabitur)

222 1321 319 1374 AB
359 1322 496 1391 Rig„
556 1321 905 1375 dominabitur
950 1319 1084 1373 Dau.
1126 1319 1276 1373 Oehl.
1329 1351 1389 1358 --
1440 1339 1490 1374 ιι.
1530 1322 1579 1374 3.
1627 1323 1858 1389 yenitum

220 1395 334 1464 AB,
367 1397 612 1463 yemitum
651 1394 767 1447 edd.
810 1424 872 1432 —
914 1395 1092 1447 uirum
1129 1393 1334 1463 Kaelb„
1371 1411 1552 1447 uerum
1590 1394 1687 1447 AB
1728 1395 1858 1463 edd„

219 1470 394 1522 dirum
433 1468 582 1522 Oehl.
619 1469 677 1520 in
717 1468 836 1521 adn.
875 1499 948 1506 —
988 1469 1045 1520 iu
1083 1468 1270 1520 ultima
1306 1468 1408 1535 fine
1445 1467 1491 1519 B
1516 1468 1646 1536 edd„
1684 1470 1742 1521 in
1778 1469 1855 1522 ul-

222 1544 343 1595 timo
380 1543 419 1608 f.
460 1541 525 1594 A.
576 1572 639 1579 —-
690 1560 740 1593 ιι.
780 1543 815 1593 4
841 1541 1043 1611 sq.1n
1081 1545 1219 1593 terra
1252 1546 1421 1609 yeutes
1457 1546 1506 1594 et
1542 1546 1661 1595 turco
1697 1543 1857 1595 inere-

221 1617 334 1669 duli
371 1615 539 1668 euueti
567 1615 584 1683 ΙΙ
614 1613 696 1685 (5)
720 1615 948 1668 Euitaut
985 1620 1155 1667 tamen
1193 1619 1485 1667 sanctorum
1524 1618 1616 1669 cst.
1654 1615 1857 1683 Kaelb„

220 1689 368 1742 Inter
405 1693 604 1757 ayentes
640 1692 699 1741 ut
737 1692 855 1741 tune
893 1686 1057 1759 (ΑΒ)
1079 1689 1330 1741 zuereduli
1367 1685 1455 1756 (A,
1493 1689 1748 1742 incredule
1786 1658 1857 1759 B)7

221 1764 388 1815 cuncti
435 1761 533 1833 (A,
580 1766 752 1815 cuncte
789 1759 860 1832 B)
911 1763 1046 1814 uitat
1081 1761 1098 1829 ΙΙ
1134 1758 1216 1831 (5)
1256 1761 1319 1814 δι’
1349 1760 1526 1814 tamen
1564 1767 1856 1815 sauctorum

221 1839 319 1888 eisc.
359 1835 479 1904 AB,
525 1835 635 1888 Iter
672 1840 872 1903 ayeutes
913 1833 1006 1906 (In
1045 1838 1183 1887 terra
1220 1839 1419 1903 ayeutes
1456 1834 1576 1905 Rig.
1616 1836 1675 1888 in
1714 1836 1856 1900 adn)

220 1914 268 1961 et
304 1914 423 1963 tune
459 1910 710 1962 inereduli
747 1910 935 1973 ezmeti,
989 1909 1240 1961 Euitare-te
1278 1913 1311 1961 t.
1349 1926 1387 1962 8.
1428 1908 1542 1961 edd.
1593 1941 1662 1948 —-
1718 1929 1768 1962 ιι.
1808 1910 1856 1962 6.

220 1983 467 2035 conuertit
487 1981 600 2050 AB,
639 1983 951 2035 conuertitur
989 1981 1151 2095 ediu·
1140 2012 1202 2018 ——
1246 2000 1295 2035 u.
1315 1983 1363 2035 8.
1403 1983 1541 2034 mari
1564 1982 1678 2052 AB,
1716 2000 1858 2036 mare

223 2099 337 2151 edd.
381 2129 442 2137 —-
485 2100 716 2151 uincitur
755 2099 883 2167 edd„
921 2100 1091 2151 uincet
1128 2098 1240 2150 AB.
1283 2128 1346 2135 -
1390 2118 1439 2150 ιι.
1457 2099 1505 2150 9.
1545 2104 1687 2152 astra
1727 2100 1856 2166 edd„

221 2172 313 2214 ista
492 2174 619 2215 astra

220 2236 365 2284 astra
403 2231 467 2297 A,
505 2232 607 2284 ista
644 2230 704 2284 Β.
745 2262 815 2268 ——
853 2235 902 2283 et
936 2231 1037 2283 ista
1076 2235 1213 2283 terra
1251 2234 1483 2283 mutatur
1521 2230 1634 2299 AB,
1671 2236 1719 2284 et
1754 2233 1855 2285 ista

220 2308 492 2357 mutantur
541 2302 764 2374 (omisso
812 2303 1034 2373 ‘terra’)
1081 2303 1226 2374 Rig„
1285 2304 1367 2356 uel
1419 2305 1534 2371 ipSa
1588 2309 1855 2358 mutantur

221 2377 358 2430 Dau.
383 2377 533 2430 Oehl.
562 2407 623 2414 ——
666 2397 716 2430 u.
745 2378 827 2430 10.
865 2378 976 2430 alia
1015 2377 1294 2430 delendum
1334 2376 1546 2430 uidetur
1582 2377 1855 2432 Ludouioo

221 2450 410 2503 Kaelb.
453 2481 516 2487 —
558 2451 686 2503 caeli
710 2455 965 2518 terraeque
996 2450 1125 2515 edd„
1164 2450 1285 2503 coeli
1308 2454 1444 2503 terra
1468 2450 1580 2503 AB.
1610 2482 1671 2488 —
1702 2471 1751 2504 ιι.
1773 2454 1854 2505 11.

220 2529 425 2577 merant
460 2523 519 2592 L,
559 2524 623 2577 ef.
663 2524 828 2592 praef.
869 2522 1042 2577 Carm.
1081 2523 1238 2592 Apol.
1279 2523 1346 2575 ad
1384 2542 1435 2576 ιι.
1467 2523 1559 2593 55;
1599 2530 1857 2578 weverunt

221 2599 287 2666 A,
324 2602 553 2650 mereuut
588 2596 635 2649 B
675 2597 787 2650 edd.
829 2628 899 2635 —
937 2599 1213 2650 mittuntur
1251 2596 1381 2664 edd„
1419 2598 1632 2651 mittunt
1652 2597 1766 2650 AB.
1786 2629 1854 2636 —

221 2691 271 2724 u.
301 2671 382 2723 12.
421 2670 760 2723 Interioribus
798 2671 928 2739 edd„
966 2672 1023 2723 in
1063 2670 1277 2723 terribus
1318 2669 1427 2722 AB.

369 2743 436 2811 ΙΙ,
461 2743 509 2797 5.
550 2742 905 2798 Cateeumiuis,
930 2775 1001 2780 ——
1032 2762 1081 2797 ιι.
1107 2743 1155 2795 3.
1193 2744 1240 2796 si
1261 2760 1364 2810 qua
1403 2743 1531 2812 edd„
1568 2745 1716 2812 siqua
1741 2744 1855 2796 AB.

223 2847 292 2854 ——
334 2837 381 2869 ιι.
408 2817 455 2870 5.
494 2817 622 2870 tiro:
663 2821 772 2884 tyro
812 2816 942 2884 edd.,
981 2818 1089 2884 tyro
1128 2817 1213 2871 uel
1253 2815 1384 2884 Cyro
1425 2816 1488 2882 A,
1554 2819 1660 2880 12νο
1699 2817 1758 2871 B.
1786 2848 1853 2856 —
