2010 3220
299 209 367 262 12
921 207 1314 254 COMMODIANI

1056 399 1175 445 XIX.
1197 415 1201 419 ’

754 503 1199 558 NEMESIAOIS
1238 502 1476 557 VANIS.

297 622 343 675 N
377 640 447 675 on
484 622 844 692 ignominium
883 625 965 675 est
1002 621 1250 676 Virbium
1290 622 1470 676 seduci
1507 621 1827 691 prudentem

233 691 242 698 ’
296 696 343 750 Ε
377 699 402 748 t
442 696 616 750 colere
652 696 818 749 talem
858 699 952 750 aut
989 695 1222 749 Dianam
1262 696 1434 749 dicere
1471 696 1718 766 lignum?

298 769 352 823 M
377 787 477 822 ane
517 770 666 822 ebrio
675 812 690 838 ‚
729 769 891 823 crudo
902 812 917 839 ,
955 770 1168 839 periuro
1210 769 1424 822 creditis
1463 770 1579 822 uiro
1589 810 1604 837 ,

297 843 343 896 E
378 863 412 895 x
452 848 607 896 antro
650 844 740 912 qui
777 843 898 897 fiete
936 844 1174 913 loquitur
1214 843 1355 912 quod
1392 843 1472 895 illi
1510 842 1735 895 uidetur.

301 914 339 971 S
380 935 535 970 euere
575 917 732 969 deum
772 917 908 987 agit,
949 917 1052 970 sibi
1090 917 1298 970 uiscera
1336 917 1530 985 pascit,
1909 929 1936 968 5

297 989 332 1043 I
378 990 627 1059 neopriat
665 990 810 1043 ciues
850 1009 989 1044 unus
1030 990 1362 1044 dessesssabilis
1403 1007 1588 1043 omnes

296 1061 348 1116 A
381 1063 710 1134 dplieuitque
750 1064 854 1117 sibi
894 1063 1057 1117 simili
1095 1064 1324 1134 collegio
1363 1063 1533 1131 facto²

300 1135 340 1191 G
379 1156 471 1190 um
511 1137 703 1206 quibus
742 1138 1026 1191 historiam
1063 1137 1244 1208 fingit,
1281 1140 1343 1190 ut
1381 1137 1538 1190 deum
1578 1135 1820 1189 adornat.

297 1210 331 1263 I
380 1229 475 1280 pse
517 1211 622 1263 sibi
659 1211 833 1264 nescit
871 1211 1134 1280 diuinare,
1173 1212 1361 1264 ceteris
1403 1211 1574 1263 audet.

300 1281 339 1337 S
378 1284 613 1338 ueeollat
652 1284 866 1356 quando
906 1285 1040 1338 libet
1080 1303 1222 1355 eum,
1263 1288 1317 1337 et
1355 1285 1569 1355 quando
1609 1282 1851 1351 deponit,
1879 1295 1934 1335 10

298 1430 348 1484 V
380 1432 573 1484 erbitur
612 1450 732 1485 asse
769 1434 955 1485 rotans
997 1449 1116 1484 eum
1155 1433 1304 1502 ligno
1344 1431 1562 1501 bifurci,

299 1503 350 1557 A
383 1523 410 1558 e
451 1506 496 1558 si
534 1508 691 1574 putes
729 1505 885 1558 illum
925 1504 1180 1558 adflatum
1218 1506 1436 1558 numine
1473 1505 1625 1575 ligni.

299 1578 346 1631 N
386 1597 457 1632 on
495 1579 620 1632 deos
660 1596 757 1632 uos
798 1579 990 1646 colitis,
1029 1598 1163 1648 quos
1202 1579 1308 1648 ipsi
1344 1579 1480 1632 false
1518 1576 1865 1648 prophetant:

299 1651 334 1704 1
382 1670 509 1721 psos
550 1652 853 1705 sacerdotes
894 1652 1069 1705 colissis
1108 1653 1166 1704 in
1204 1670 1345 1706 uano
1385 1652 1653 1706 timentes,

302 1722 340 1779 S
382 1726 445 1778 ed
484 1726 541 1778 in
581 1725 738 1779 eorde
777 1726 951 1797 uiges‚
989 1725 1116 1797 fuge
1154 1726 1263 1779 iam
1304 1726 1537 1780 sacraria,
1574 1726 1779 1779 mortis.

1074 1943 1171 1988 xx.

951 2046 1286 2101 TITANES.

306 2179 352 2232 Τ
387 2180 563 2232 itanas
603 2179 783 2249 uobiS‚
822 2179 1068 2233 Titanias
1109 2179 1284 2233 dicitis
1325 2198 1464 2232 esse:

300 2253 332 2306 I
379 2253 616 2323 mmi’ceS‚
654 2254 848 2307 tacitas
889 2254 988 2307 sub
1029 2254 1259 2306 eulmine
1297 2257 1479 2306 uestro
1519 2254 1738 2322 rogatis,

302 2326 348 2379 T
384 2330 442 2380 ot
478 2327 618 2381 lares
659 2327 911 2382 aediculis
921 2369 935 2396 ‚
975 2327 1258 2391 simulacra
1295 2327 1439 2379 faeta
1478 2326 1696 2380 Titano!

297 2398 348 2452 A
381 2400 582 2454 doratis
621 2401 764 2455 enim
804 2401 955 2455 stulti
994 2401 1139 2455 malo
1177 2401 1286 2454 leto
1326 2399 1603 2452 defunctos
1613 2443 1627 2468 ‚

298 2472 344 2525 N
380 2491 452 2527 on
488 2476 664 2544 legem
701 2475 942 2544 ipsorum
979 2475 1232 2546 legentes.
1275 2471 1400 2526 Non
1438 2473 1545 2543 ipsi
1582 2473 1934 2543 loquunbur‚5

297 2546 344 2600 Ε
379 2552 404 2601 t
443 2547 569 2601 deos
611 2547 818 2602 audetis
859 2549 1128 2602 aeramine
1168 2547 1338 2601 dicere
1377 2546 1564 2600 fusos?
1584 2557 1618 2596 ο

301 2618 339 2674 S
381 2621 621 2675 olueritis
661 2639 752 2675 eos
792 2622 966 2692 magis
1005 2621 1062 2675 in
1099 2620 1320 2674 uaseula
1359 2620 1527 2674 uobiS.
