<?xml version="1.0" encoding="UTF-8"?>
<!DOCTYPE html PUBLIC "-//W3C//DTD XHTML 1.0 Transitional//EN"
    "http://www.w3.org/TR/xhtml1/DTD/xhtml1-transitional.dtd">
<html xmlns="http://www.w3.org/1999/xhtml" xml:lang="en" lang="en">
 <head>
  <title>
</title>
<meta http-equiv="Content-Type" content="text/html;charset=utf-8" />
  <meta name='ocr-system' content='tesseract 3.04.00' />
  <meta name='ocr-capabilities' content='ocr_page ocr_carea ocr_par ocr_line ocrx_word'/>
</head>
<body>
  <div class='ocr_page' id='page_1' title='image "./carminalud01commuoft_0018.png"; bbox 0 0 2032 3220; ppageno 0'>
   <div class='ocr_carea' id='block_1_1' title="bbox 310 242 1308 292">
    <p class='ocr_par' dir='ltr' id='par_1_1' title="bbox 310 242 1308 292">
     <span class='ocr_line' id='line_1_1' title="bbox 310 242 1308 292; baseline -0.006 0"><span class='ocrx_word' id='word_1_1' title='bbox 310 248 418 292; x_wconf 90' lang='lat' dir='ltr'>XVI</span> <span class='ocrx_word' id='word_1_2' title='bbox 951 242 1308 288; x_wconf 85' lang='lat' dir='ltr'><strong>PRAEFATIO.</strong></span> 
     </span>
    </p>
   </div>
   <div class='ocr_carea' id='block_1_2' title="bbox 315 359 1984 654">
    <p class='ocr_par' dir='ltr' id='par_1_2' title="bbox 315 359 1984 654">
     <span class='ocr_line' id='line_1_2' title="bbox 787 359 1594 416; baseline 0 -12"><span class='ocrx_word' id='word_1_3' title='bbox 787 361 845 404; x_wconf 75' lang='grc' dir='ltr'>Β2</span> <span class='ocrx_word' id='word_1_4' title='bbox 1387 360 1457 406; x_wconf 88' lang='lat' dir='ltr'>ed.</span> <span class='ocrx_word' id='word_1_5' title='bbox 1491 359 1594 416; x_wconf 86' lang='lat' dir='ltr'>Rig.</span> 
     </span>
     <span class='ocr_line' id='line_1_3' title="bbox 319 436 1553 507; baseline -0.005 -15"><span class='ocrx_word' id='word_1_6' title='bbox 319 441 365 507; x_wconf 92' lang='lat'>1,</span> <span class='ocrx_word' id='word_1_7' title='bbox 405 439 491 506; x_wconf 87' lang='grc'>26,</span> <span class='ocrx_word' id='word_1_8' title='bbox 532 439 564 492; x_wconf 91' lang='grc'>8</span> <span class='ocrx_word' id='word_1_9' title='bbox 678 438 900 490; x_wconf 86' lang='lat' dir='ltr'>inritum</span> <span class='ocrx_word' id='word_1_10' title='bbox 1330 436 1553 487; x_wconf 91' lang='lat' dir='ltr'>inritum</span> 
     </span>
     <span class='ocr_line' id='line_1_4' title="bbox 315 506 1984 581; baseline -0.001 -16"><span class='ocrx_word' id='word_1_11' title='bbox 315 513 365 581; x_wconf 98' lang='grc'>2,</span> <span class='ocrx_word' id='word_1_12' title='bbox 405 513 454 580; x_wconf 90' lang='grc'>2,</span> <span class='ocrx_word' id='word_1_13' title='bbox 498 512 564 564; x_wconf 87' lang='grc'>16</span> <span class='ocrx_word' id='word_1_14' title='bbox 678 511 919 563; x_wconf 90' lang='lat' dir='ltr'>flammat</span> <span class='ocrx_word' id='word_1_15' title='bbox 956 509 1133 561; x_wconf 88' lang='lat' dir='ltr'>Amen</span> <span class='ocrx_word' id='word_1_16' title='bbox 1165 507 1250 579; x_wconf 66' lang='lat' dir='ltr'>(tl)</span> <span class='ocrx_word' id='word_1_17' title='bbox 1327 509 1567 561; x_wconf 90' lang='lat' dir='ltr'>flammat</span> <span class='ocrx_word' id='word_1_18' title='bbox 1605 507 1782 560; x_wconf 90' lang='lat' dir='ltr'>Amen</span> <span class='ocrx_word' id='word_1_19' title='bbox 1820 506 1907 578; x_wconf 76' lang='grc'>(11)</span> <span class='ocrx_word' id='word_1_20' title='bbox 1977 547 1984 563; x_wconf 89' lang='grc'><strong>.</strong></span> 
     </span>
     <span class='ocr_line' id='line_1_5' title="bbox 315 582 1791 654; baseline -0.003 -16"><span class='ocrx_word' id='word_1_21' title='bbox 315 586 366 654; x_wconf 92' lang='grc'>2,</span> <span class='ocrx_word' id='word_1_22' title='bbox 406 586 454 653; x_wconf 93' lang='grc'>2,</span> <span class='ocrx_word' id='word_1_23' title='bbox 498 585 563 637; x_wconf 87' lang='grc'>18</span> <span class='ocrx_word' id='word_1_24' title='bbox 680 586 986 636; x_wconf 73' lang='lat' dir='ltr'>cremantur</span> <span class='ocrx_word' id='word_1_25' title='bbox 1328 585 1630 634; x_wconf 86' lang='lat' dir='ltr'>cremantur</span> <span class='ocrx_word' id='word_1_26' title='bbox 1667 582 1791 634; x_wconf 77' lang='lat' dir='ltr'>alia.</span> 
     </span>
    </p>
   </div>
   <div class='ocr_carea' id='block_1_3' title="bbox 316 698 2014 990">
    <p class='ocr_par' dir='ltr' id='par_1_3' title="bbox 316 698 2014 990">
     <span class='ocr_line' id='line_1_6' title="bbox 316 698 2014 770; baseline -0.002 -16"><span class='ocrx_word' id='word_1_27' title='bbox 316 701 502 770; x_wconf 85' lang='lat' dir='ltr'>Neque</span> <span class='ocrx_word' id='word_1_28' title='bbox 565 700 622 752; x_wconf 91' lang='lat' dir='ltr'>in</span> <span class='ocrx_word' id='word_1_29' title='bbox 681 700 913 753; x_wconf 73' lang='lat' dir='ltr'>editione</span> <span class='ocrx_word' id='word_1_30' title='bbox 965 699 1207 767; x_wconf 84' lang='lat' dir='ltr'>principe</span> <span class='ocrx_word' id='word_1_31' title='bbox 1263 698 1592 752; x_wconf 89' lang='lat' dir='ltr'>desideratur</span> <span class='ocrx_word' id='word_1_32' title='bbox 1647 699 1838 751; x_wconf 91' lang='lat' dir='ltr'>diuisio</span> <span class='ocrx_word' id='word_1_33' title='bbox 1895 716 1957 751; x_wconf 89' lang='lat' dir='ltr'>ea</span> <span class='ocrx_word' id='word_1_34' title='bbox 2008 711 2014 713; x_wconf 77' lang='grc'><em>“</em></span> 
     </span>
     <span class='ocr_line' id='line_1_7' title="bbox 319 771 1953 843; baseline -0.002 -17"><span class='ocrx_word' id='word_1_35' title='bbox 319 774 616 827; x_wconf 81' lang='lat' dir='ltr'>carminum</span> <span class='ocrx_word' id='word_1_36' title='bbox 657 773 727 843; x_wconf 90' lang='grc' dir='ltr'>ΙΙ,</span> <span class='ocrx_word' id='word_1_37' title='bbox 748 773 815 826; x_wconf 82' lang='lat'>15</span> <span class='ocrx_word' id='word_1_38' title='bbox 848 776 902 825; x_wconf 89' lang='lat' dir='ltr'>et</span> <span class='ocrx_word' id='word_1_39' title='bbox 937 773 1018 842; x_wconf 86' lang='lat'>16,</span> <span class='ocrx_word' id='word_1_40' title='bbox 1060 790 1220 842; x_wconf 91' lang='lat' dir='ltr'>quam</span> <span class='ocrx_word' id='word_1_41' title='bbox 1260 772 1429 824; x_wconf 90' lang='lat' dir='ltr'>altera</span> <span class='ocrx_word' id='word_1_42' title='bbox 1467 790 1658 824; x_wconf 89' lang='lat' dir='ltr'>manus</span> <span class='ocrx_word' id='word_1_43' title='bbox 1696 772 1754 824; x_wconf 93' lang='lat' dir='ltr'>in</span> <span class='ocrx_word' id='word_1_44' title='bbox 1789 771 1835 823; x_wconf 91' lang='lat' dir='ltr'>B</span> <span class='ocrx_word' id='word_1_45' title='bbox 1876 771 1953 823; x_wconf 87' lang='lat' dir='ltr'>in·</span> 
     </span>
     <span class='ocr_line' id='line_1_8' title="bbox 322 843 1959 914; baseline -0.002 -15"><span class='ocrx_word' id='word_1_46' title='bbox 322 847 509 900; x_wconf 91' lang='lat' dir='ltr'>stituit.</span> <span class='ocrx_word' id='word_1_47' title='bbox 587 846 873 900; x_wconf 90' lang='lat' dir='ltr'>Praeterea</span> <span class='ocrx_word' id='word_1_48' title='bbox 920 849 1100 898; x_wconf 90' lang='lat' dir='ltr'>autem</span> <span class='ocrx_word' id='word_1_49' title='bbox 1148 845 1284 898; x_wconf 91' lang='lat' dir='ltr'>illud</span> <span class='ocrx_word' id='word_1_50' title='bbox 1321 845 1620 898; x_wconf 90' lang='lat' dir='ltr'>notandum</span> <span class='ocrx_word' id='word_1_51' title='bbox 1659 847 1762 914; x_wconf 80' lang='lat' dir='ltr'>est,</span> <span class='ocrx_word' id='word_1_52' title='bbox 1817 843 1959 913; x_wconf 90' lang='lat' dir='ltr'>quod</span> 
     </span>
     <span class='ocr_line' id='line_1_9' title="bbox 322 918 1960 990; baseline -0.002 -18"><span class='ocrx_word' id='word_1_53' title='bbox 322 920 550 990; x_wconf 86' lang='lat' dir='ltr'>Rigaltii</span> <span class='ocrx_word' id='word_1_54' title='bbox 591 920 654 973; x_wconf 91' lang='lat' dir='ltr'>de</span> <span class='ocrx_word' id='word_1_55' title='bbox 692 919 1034 972; x_wconf 87' lang='lat' dir='ltr'>Ammudatis</span> <span class='ocrx_word' id='word_1_56' title='bbox 1073 920 1291 972; x_wconf 90' lang='lat' dir='ltr'>nomine</span> <span class='ocrx_word' id='word_1_57' title='bbox 1331 920 1634 972; x_wconf 88' lang='lat' dir='ltr'>coniectura</span> <span class='ocrx_word' id='word_1_58' title='bbox 1671 918 1960 971; x_wconf 84' lang='lat' dir='ltr'>maximam</span> 
     </span>
    </p>
   </div>
   <div class='ocr_carea' id='block_1_4' title="bbox 317 990 1960 1135">
    <p class='ocr_par' dir='ltr' id='par_1_4' title="bbox 317 990 1960 1135">
     <span class='ocr_line' id='line_1_10' title="bbox 317 990 1960 1062; baseline -0.002 -17"><span class='ocrx_word' id='word_1_59' title='bbox 317 996 529 1062; x_wconf 88' lang='lat' dir='ltr'>partem</span> <span class='ocrx_word' id='word_1_60' title='bbox 576 993 685 1046; x_wconf 88' lang='lat' dir='ltr'>iam</span> <span class='ocrx_word' id='word_1_61' title='bbox 733 993 918 1046; x_wconf 89' lang='lat' dir='ltr'>eadem</span> <span class='ocrx_word' id='word_1_62' title='bbox 957 994 1128 1045; x_wconf 88' lang='lat' dir='ltr'>altera</span> <span class='ocrx_word' id='word_1_63' title='bbox 1166 1011 1328 1045; x_wconf 89' lang='lat' dir='ltr'>manu</span> <span class='ocrx_word' id='word_1_64' title='bbox 1366 993 1424 1044; x_wconf 92' lang='lat' dir='ltr'>in</span> <span class='ocrx_word' id='word_1_65' title='bbox 1462 992 1565 1044; x_wconf 90' lang='lat' dir='ltr'>fine</span> <span class='ocrx_word' id='word_1_66' title='bbox 1605 1010 1647 1044; x_wconf 93' lang='lat' dir='ltr'>c.</span> <span class='ocrx_word' id='word_1_67' title='bbox 1690 992 1755 1044; x_wconf 83' lang='lat'>18</span> <span class='ocrx_word' id='word_1_68' title='bbox 1798 990 1960 1043; x_wconf 90' lang='lat' dir='ltr'>adno-</span> 
     </span>
     <span class='ocr_line' id='line_1_11' title="bbox 317 1066 709 1135; baseline 0 -17"><span class='ocrx_word' id='word_1_69' title='bbox 317 1068 437 1118; x_wconf 88' lang='lat' dir='ltr'>tata</span> <span class='ocrx_word' id='word_1_70' title='bbox 477 1069 580 1135; x_wconf 80' lang='lat' dir='ltr'>est-3</span> <span class='ocrx_word' id='word_1_71' title='bbox 622 1066 709 1120; x_wconf 87' lang='lat' dir='ltr'>cf.:</span> 
     </span>
    </p>
   </div>
   <div class='ocr_carea' id='block_1_5' title="bbox 310 1179 1965 1673">
    <p class='ocr_par' dir='ltr' id='par_1_5' title="bbox 310 1179 1965 1673">
     <span class='ocr_line' id='line_1_12' title="bbox 734 1179 1806 1237; baseline -0.002 -13"><span class='ocrx_word' id='word_1_72' title='bbox 734 1180 794 1224; x_wconf 71' lang='grc' dir='ltr'>Β2</span> <span class='ocrx_word' id='word_1_73' title='bbox 1417 1179 1616 1237; x_wconf 86' lang='lat' dir='ltr'>Rigaltii</span> <span class='ocrx_word' id='word_1_74' title='bbox 1647 1179 1806 1223; x_wconf 88' lang='lat' dir='ltr'>adnot.</span> 
     </span>
     <span class='ocr_line' id='line_1_13' title="bbox 310 1253 1964 1325; baseline -0.003 -15"><span class='ocrx_word' id='word_1_75' title='bbox 310 1257 673 1310; x_wconf 87' lang='lat' dir='ltr'>Ammudates</span> <span class='ocrx_word' id='word_1_76' title='bbox 698 1260 759 1309; x_wconf 90' lang='lat' dir='ltr'>ut</span> <span class='ocrx_word' id='word_1_77' title='bbox 775 1256 903 1310; x_wconf 91' lang='lat' dir='ltr'>Hor.</span> <span class='ocrx_word' id='word_1_78' title='bbox 925 1257 1208 1325; x_wconf 74' lang='lat' dir='ltr'>Tyridates.</span> <span class='ocrx_word' id='word_1_79' title='bbox 1328 1255 1660 1308; x_wconf 84' lang='lat' dir='ltr'>Terminatio</span> <span class='ocrx_word' id='word_1_80' title='bbox 1691 1253 1964 1307; x_wconf 82' lang='lat' dir='ltr'>Persicam</span> 
     </span>
     <span class='ocr_line' id='line_1_14' title="bbox 430 1328 1965 1397; baseline -0.003 -13"><span class='ocrx_word' id='word_1_81' title='bbox 430 1331 779 1384; x_wconf 72' lang='lat' dir='ltr'>Mithridates,</span> <span class='ocrx_word' id='word_1_82' title='bbox 822 1329 1103 1384; x_wconf 76' lang='lat' dir='ltr'>Orondates</span> <span class='ocrx_word' id='word_1_83' title='bbox 1256 1347 1443 1382; x_wconf 90' lang='lat' dir='ltr'>uocem</span> <span class='ocrx_word' id='word_1_84' title='bbox 1481 1328 1701 1397; x_wconf 84' lang='lat' dir='ltr'>indicat,</span> <span class='ocrx_word' id='word_1_85' title='bbox 1740 1330 1801 1380; x_wconf 92' lang='lat' dir='ltr'>ut</span> <span class='ocrx_word' id='word_1_86' title='bbox 1839 1329 1965 1379; x_wconf 89' lang='lat' dir='ltr'>sunt</span> 
     </span>
     <span class='ocr_line' id='line_1_15' title="bbox 476 1401 1965 1475; baseline -0.005 -15"><span class='ocrx_word' id='word_1_87' title='bbox 476 1454 482 1460; x_wconf 86' lang='lat'>.</span> <span class='ocrx_word' id='word_1_88' title='bbox 544 1404 616 1456; x_wconf 92' lang='lat' dir='ltr'>ud</span> <span class='ocrx_word' id='word_1_89' title='bbox 640 1405 673 1456; x_wconf 91' lang='grc'>2</span> <span class='ocrx_word' id='word_1_90' title='bbox 699 1404 741 1456; x_wconf 90' lang='lat' dir='ltr'><strong>F</strong></span> <span class='ocrx_word' id='word_1_91' title='bbox 764 1403 880 1457; x_wconf 89' lang='lat' dir='ltr'>Lib.</span> <span class='ocrx_word' id='word_1_92' title='bbox 903 1403 995 1475; x_wconf 64' lang='lat'><strong>1²¹⁶)</strong></span> <span class='ocrx_word' id='word_1_93' title='bbox 1258 1402 1628 1466; x_wconf 74' lang='lat' dir='ltr'>Mithradates,</span> <span class='ocrx_word' id='word_1_94' title='bbox 1670 1401 1965 1464; x_wconf 78' lang='lat' dir='ltr'>OrondateS,</span> 
     </span>
     <span class='ocr_line' id='line_1_16' title="bbox 546 1474 1912 1540; baseline -0.001 -13"><span class='ocrx_word' id='word_1_95' title='bbox 546 1476 663 1528; x_wconf 85' lang='lat' dir='ltr'>Rex</span> <span class='ocrx_word' id='word_1_96' title='bbox 686 1477 989 1530; x_wconf 89' lang='lat' dir='ltr'>Armenior.</span> <span class='ocrx_word' id='word_1_97' title='bbox 1263 1476 1534 1540; x_wconf 76' lang='lat' dir='ltr'>Tiridates,</span> <span class='ocrx_word' id='word_1_98' title='bbox 1575 1474 1912 1528; x_wconf 76' lang='lat' dir='ltr'>Meherdates</span> 
     </span>
     <span class='ocr_line' id='line_1_17' title="bbox 328 1545 1212 1615; baseline 0.003 -17"><span class='ocrx_word' id='word_1_99' title='bbox 328 1545 466 1607; x_wconf 82' lang='lat' dir='ltr'>Quid</span> <span class='ocrx_word' id='word_1_100' title='bbox 501 1548 797 1615; x_wconf 61' lang='lat' dir='ltr'>Tyridatem</span> <span class='ocrx_word' id='word_1_101' title='bbox 827 1552 1027 1600; x_wconf 87' lang='lat' dir='ltr'>terreat</span> <span class='ocrx_word' id='word_1_102' title='bbox 1056 1550 1212 1602; x_wconf 89' lang='lat' dir='ltr'>unice</span> 
     </span>
     <span class='ocr_line' id='line_1_18' title="bbox 662 1638 876 1673; baseline 0.005 -2"><span class='ocrx_word' id='word_1_103' title='bbox 662 1638 876 1673; x_wconf 89' lang='lat' dir='ltr'>securus</span> 
     </span>
    </p>
   </div>
   <div class='ocr_carea' id='block_1_6' title="bbox 326 1765 1974 2706">
    <p class='ocr_par' dir='ltr' id='par_1_6' title="bbox 326 1765 1974 2706">
     <span class='ocr_line' id='line_1_19' title="bbox 329 1765 1967 1836; baseline 0.001 -19"><span class='ocrx_word' id='word_1_104' title='bbox 329 1766 475 1828; x_wconf 85' lang='lat' dir='ltr'>Quae</span> <span class='ocrx_word' id='word_1_105' title='bbox 518 1785 636 1818; x_wconf 90' lang='lat' dir='ltr'>cum</span> <span class='ocrx_word' id='word_1_106' title='bbox 676 1769 755 1818; x_wconf 88' lang='lat' dir='ltr'>ita</span> <span class='ocrx_word' id='word_1_107' title='bbox 794 1767 916 1835; x_wconf 83' lang='lat' dir='ltr'>sint,</span> <span class='ocrx_word' id='word_1_108' title='bbox 954 1785 1065 1819; x_wconf 91' lang='lat' dir='ltr'>non</span> <span class='ocrx_word' id='word_1_109' title='bbox 1104 1768 1307 1836; x_wconf 76' lang='lat' dir='ltr'>dubito,</span> <span class='ocrx_word' id='word_1_110' title='bbox 1347 1769 1475 1836; x_wconf 89' lang='lat' dir='ltr'>quin</span> <span class='ocrx_word' id='word_1_111' title='bbox 1506 1768 1552 1821; x_wconf 93' lang='lat' dir='ltr'>B</span> <span class='ocrx_word' id='word_1_112' title='bbox 1586 1767 1658 1820; x_wconf 88' lang='lat' dir='ltr'>sit</span> <span class='ocrx_word' id='word_1_113' title='bbox 1694 1767 1830 1819; x_wconf 88' lang='lat' dir='ltr'>liber</span> <span class='ocrx_word' id='word_1_114' title='bbox 1863 1765 1967 1819; x_wconf 84' lang='lat' dir='ltr'>Sir-</span> 
     </span>
     <span class='ocr_line' id='line_1_20' title="bbox 327 1838 1968 1907; baseline 0.002 -18"><span class='ocrx_word' id='word_1_115' title='bbox 327 1838 647 1890; x_wconf 89' lang='lat' dir='ltr'>mondianus</span> <span class='ocrx_word' id='word_1_116' title='bbox 687 1839 937 1907; x_wconf 87' lang='lat' dir='ltr'>Rigaltii‚</span> <span class='ocrx_word' id='word_1_117' title='bbox 985 1841 1229 1907; x_wconf 90' lang='lat' dir='ltr'>quamuis</span> <span class='ocrx_word' id='word_1_118' title='bbox 1276 1842 1565 1893; x_wconf 80' lang='lat' dir='ltr'>nonnullae</span> <span class='ocrx_word' id='word_1_119' title='bbox 1604 1841 1860 1894; x_wconf 85' lang='lat' dir='ltr'>lectiones</span> <span class='ocrx_word' id='word_1_120' title='bbox 1900 1840 1968 1892; x_wconf 90' lang='lat' dir='ltr'>ab</span> 
     </span>
     <span class='ocr_line' id='line_1_21' title="bbox 326 1910 1974 1997; baseline 0.002 -35"><span class='ocrx_word' id='word_1_121' title='bbox 326 1910 420 1963; x_wconf 90' lang='lat' dir='ltr'>illo</span> <span class='ocrx_word' id='word_1_122' title='bbox 462 1928 525 1962; x_wconf 85' lang='lat' dir='ltr'>ex</span> <span class='ocrx_word' id='word_1_123' title='bbox 564 1911 876 1981; x_wconf 87' lang='lat' dir='ltr'>apographo</span> <span class='ocrx_word' id='word_1_124' title='bbox 915 1913 1160 1980; x_wconf 91' lang='lat' dir='ltr'>prolatae</span> <span class='ocrx_word' id='word_1_125' title='bbox 1201 1914 1592 1997; x_wconf 81' lang='lat' dir='ltr'>aliquantulum</span> <span class='ocrx_word' id='word_1_126' title='bbox 1630 1914 1699 1966; x_wconf 89' lang='lat' dir='ltr'>ab</span> <span class='ocrx_word' id='word_1_127' title='bbox 1731 1913 1974 1966; x_wconf 88' lang='lat' dir='ltr'>eiusdem-</span> 
     </span>
     <span class='ocr_line' id='line_1_22' title="bbox 330 1983 1970 2055; baseline 0.002 -20"><span class='ocrx_word' id='word_1_128' title='bbox 330 1983 458 2036; x_wconf 88' lang='lat' dir='ltr'>libri</span> <span class='ocrx_word' id='word_1_129' title='bbox 498 1984 782 2037; x_wconf 87' lang='lat' dir='ltr'>collatione</span> <span class='ocrx_word' id='word_1_130' title='bbox 821 1988 1005 2037; x_wconf 88' lang='lat' dir='ltr'>nostra</span> <span class='ocrx_word' id='word_1_131' title='bbox 1045 1986 1342 2055; x_wconf 84' lang='lat' dir='ltr'>discedant3</span> <span class='ocrx_word' id='word_1_132' title='bbox 1385 1987 1478 2038; x_wconf 91' lang='lat' dir='ltr'>sed</span> <span class='ocrx_word' id='word_1_133' title='bbox 1516 1988 1581 2038; x_wconf 88' lang='lat' dir='ltr'>iis</span> <span class='ocrx_word' id='word_1_134' title='bbox 1614 1986 1748 2038; x_wconf 89' lang='lat' dir='ltr'>locis</span> <span class='ocrx_word' id='word_1_135' title='bbox 1778 2005 1970 2054; x_wconf 85' lang='lat' dir='ltr'>parum</span> 
     </span>
     <span class='ocr_line' id='line_1_23' title="bbox 327 2056 1970 2127; baseline 0.001 -18"><span class='ocrx_word' id='word_1_136' title='bbox 327 2056 617 2127; x_wconf 75' lang='lat' dir='ltr'>diligenter</span> <span class='ocrx_word' id='word_1_137' title='bbox 653 2057 953 2126; x_wconf 89' lang='lat' dir='ltr'>Rigaltium</span> <span class='ocrx_word' id='word_1_138' title='bbox 1003 2059 1324 2126; x_wconf 80' lang='lat' dir='ltr'>scripturam</span> <span class='ocrx_word' id='word_1_139' title='bbox 1369 2058 1667 2127; x_wconf 83' lang='lat' dir='ltr'>inspexisse</span> <span class='ocrx_word' id='word_1_140' title='bbox 1706 2059 1795 2110; x_wconf 89' lang='lat' dir='ltr'>uel</span> <span class='ocrx_word' id='word_1_141' title='bbox 1833 2059 1970 2112; x_wconf 90' lang='lat' dir='ltr'>indi-</span> 
     </span>
     <span class='ocr_line' id='line_1_24' title="bbox 327 2130 1970 2201; baseline 0.001 -19"><span class='ocrx_word' id='word_1_142' title='bbox 327 2148 479 2183; x_wconf 88' lang='lat' dir='ltr'>casse</span> <span class='ocrx_word' id='word_1_143' title='bbox 528 2131 751 2198; x_wconf 88' lang='lat' dir='ltr'>adparet</span> <span class='ocrx_word' id='word_1_144' title='bbox 797 2148 860 2182; x_wconf 87' lang='lat' dir='ltr'>ex</span> <span class='ocrx_word' id='word_1_145' title='bbox 907 2130 1092 2182; x_wconf 90' lang='lat' dir='ltr'>multis</span> <span class='ocrx_word' id='word_1_146' title='bbox 1141 2149 1379 2183; x_wconf 91' lang='lat' dir='ltr'>summae</span> <span class='ocrx_word' id='word_1_147' title='bbox 1419 2132 1656 2184; x_wconf 89' lang='lat' dir='ltr'>incuriae</span> <span class='ocrx_word' id='word_1_148' title='bbox 1690 2132 1970 2201; x_wconf 86' lang='lat' dir='ltr'>exemplis.</span> 
     </span>
     <span class='ocr_line' id='line_1_25' title="bbox 327 2201 1969 2274; baseline 0.002 -20"><span class='ocrx_word' id='word_1_149' title='bbox 327 2201 517 2271; x_wconf 88' lang='lat' dir='ltr'>Neque</span> <span class='ocrx_word' id='word_1_150' title='bbox 557 2203 702 2254; x_wconf 91' lang='lat' dir='ltr'>enim</span> <span class='ocrx_word' id='word_1_151' title='bbox 743 2203 915 2255; x_wconf 89' lang='lat' dir='ltr'>solum</span> <span class='ocrx_word' id='word_1_152' title='bbox 955 2204 1086 2256; x_wconf 88' lang='lat' dir='ltr'>locis</span> <span class='ocrx_word' id='word_1_153' title='bbox 1121 2204 1441 2273; x_wconf 90' lang='lat' dir='ltr'>quibusdam</span> <span class='ocrx_word' id='word_1_154' title='bbox 1472 2205 1631 2258; x_wconf 90' lang='lat' dir='ltr'>ualde</span> <span class='ocrx_word' id='word_1_155' title='bbox 1663 2205 1969 2274; x_wconf 89' lang='lat' dir='ltr'>deprauatis</span> 
     </span>
     <span class='ocr_line' id='line_1_26' title="bbox 328 2275 1969 2347; baseline 0.003 -21"><span class='ocrx_word' id='word_1_156' title='bbox 328 2275 466 2327; x_wconf 89' lang='grc'>1111111</span> <span class='ocrx_word' id='word_1_157' title='bbox 505 2275 569 2326; x_wconf 90' lang='lat' dir='ltr'>de</span> <span class='ocrx_word' id='word_1_158' title='bbox 611 2276 910 2344; x_wconf 83' lang='lat' dir='ltr'>apographi</span> <span class='ocrx_word' id='word_1_159' title='bbox 948 2277 1180 2331; x_wconf 88' lang='lat' dir='ltr'>lectione</span> <span class='ocrx_word' id='word_1_160' title='bbox 1220 2278 1517 2347; x_wconf 69' lang='lat' dir='ltr'>adnotaust,</span> <span class='ocrx_word' id='word_1_161' title='bbox 1559 2278 1654 2331; x_wconf 88' lang='lat' dir='ltr'>sed</span> <span class='ocrx_word' id='word_1_162' title='bbox 1686 2279 1969 2347; x_wconf 90' lang='lat' dir='ltr'>compluri-</span> 
     </span>
     <span class='ocr_line' id='line_1_27' title="bbox 329 2348 1970 2436; baseline 0.003 -37"><span class='ocrx_word' id='word_1_163' title='bbox 329 2348 430 2399; x_wconf 90' lang='lat' dir='ltr'>bus</span> <span class='ocrx_word' id='word_1_164' title='bbox 480 2348 722 2416; x_wconf 87' lang='lat' dir='ltr'>legentes</span> <span class='ocrx_word' id='word_1_165' title='bbox 773 2349 938 2402; x_wconf 91' lang='lat' dir='ltr'>etiam</span> <span class='ocrx_word' id='word_1_166' title='bbox 986 2351 1178 2404; x_wconf 89' lang='lat' dir='ltr'>celauit</span> <span class='ocrx_word' id='word_1_167' title='bbox 1224 2352 1545 2436; x_wconf 80' lang='lat' dir='ltr'>scripturam</span> <span class='ocrx_word' id='word_1_168' title='bbox 1591 2370 1795 2421; x_wconf 85' lang='lat' dir='ltr'>ueram,</span> <span class='ocrx_word' id='word_1_169' title='bbox 1850 2369 1970 2404; x_wconf 90' lang='lat' dir='ltr'>cum</span> 
     </span>
     <span class='ocr_line' id='line_1_28' title="bbox 333 2419 1969 2494; baseline 0.004 -24"><span class='ocrx_word' id='word_1_170' title='bbox 333 2437 396 2471; x_wconf 89' lang='lat' dir='ltr'>ex</span> <span class='ocrx_word' id='word_1_171' title='bbox 436 2419 642 2472; x_wconf 88' lang='lat' dir='ltr'>duabus</span> <span class='ocrx_word' id='word_1_172' title='bbox 681 2421 1017 2492; x_wconf 78' lang='lat' dir='ltr'>lectionibus,</span> <span class='ocrx_word' id='word_1_173' title='bbox 1059 2423 1177 2478; x_wconf 90' lang='lat' dir='ltr'>dico</span> <span class='ocrx_word' id='word_1_174' title='bbox 1218 2427 1506 2494; x_wconf 86' lang='lat' dir='ltr'>genuinam</span> <span class='ocrx_word' id='word_1_175' title='bbox 1546 2442 1607 2477; x_wconf 88' lang='lat' dir='ltr'>ac</span> <span class='ocrx_word' id='word_1_176' title='bbox 1647 2426 1969 2494; x_wconf 88' lang='lat' dir='ltr'>superscrip-</span> 
     </span>
     <span class='ocr_line' id='line_1_29' title="bbox 330 2494 1968 2568; baseline 0.005 -25"><span class='ocrx_word' id='word_1_177' title='bbox 330 2495 445 2544; x_wconf 86' lang='lat' dir='ltr'>tam</span> <span class='ocrx_word' id='word_1_178' title='bbox 492 2494 578 2545; x_wconf 90' lang='lat' dir='ltr'>uel</span> <span class='ocrx_word' id='word_1_179' title='bbox 628 2494 685 2546; x_wconf 89' lang='lat' dir='ltr'>in</span> <span class='ocrx_word' id='word_1_180' title='bbox 737 2497 1033 2566; x_wconf 84' lang='lat' dir='ltr'>marginem</span> <span class='ocrx_word' id='word_1_181' title='bbox 1079 2498 1354 2568; x_wconf 88' lang='lat' dir='ltr'>reiectam,</span> <span class='ocrx_word' id='word_1_182' title='bbox 1408 2498 1787 2567; x_wconf 82' lang='lat' dir='ltr'>manuscriptis</span> <span class='ocrx_word' id='word_1_183' title='bbox 1842 2499 1968 2551; x_wconf 88' lang='lat' dir='ltr'>alte-</span> 
     </span>
     <span class='ocr_line' id='line_1_30' title="bbox 331 2567 1970 2640; baseline 0.005 -24"><span class='ocrx_word' id='word_1_184' title='bbox 331 2583 447 2617; x_wconf 90' lang='lat' dir='ltr'>ram</span> <span class='ocrx_word' id='word_1_185' title='bbox 494 2584 557 2618; x_wconf 87' lang='lat' dir='ltr'>ex</span> <span class='ocrx_word' id='word_1_186' title='bbox 604 2567 741 2620; x_wconf 89' lang='lat' dir='ltr'>libro</span> <span class='ocrx_word' id='word_1_187' title='bbox 783 2567 1052 2623; x_wconf 83' lang='lat' dir='ltr'>Sirmondi</span> <span class='ocrx_word' id='word_1_188' title='bbox 1089 2571 1385 2640; x_wconf 89' lang='lat' dir='ltr'>profectam</span> <span class='ocrx_word' id='word_1_189' title='bbox 1423 2572 1705 2640; x_wconf 82' lang='lat' dir='ltr'>indicaret,</span> <span class='ocrx_word' id='word_1_190' title='bbox 1745 2571 1970 2624; x_wconf 87' lang='lat' dir='ltr'>alteram</span> 
     </span>
     <span class='ocr_line' id='line_1_31' title="bbox 334 2639 1701 2706; baseline 0.005 -17"><span class='ocrx_word' id='word_1_191' title='bbox 334 2639 485 2706; x_wconf 90' lang='lat' dir='ltr'>quasi</span> <span class='ocrx_word' id='word_1_192' title='bbox 527 2658 621 2692; x_wconf 92' lang='lat' dir='ltr'>suo</span> <span class='ocrx_word' id='word_1_193' title='bbox 660 2639 832 2694; x_wconf 88' lang='lat' dir='ltr'>Marte</span> <span class='ocrx_word' id='word_1_194' title='bbox 872 2645 1226 2698; x_wconf 88' lang='lat' dir='ltr'>coniectatam</span> <span class='ocrx_word' id='word_1_195' title='bbox 1266 2647 1537 2699; x_wconf 88' lang='lat' dir='ltr'>statueret.</span> <span class='ocrx_word' id='word_1_196' title='bbox 1614 2644 1701 2697; x_wconf 74' lang='lat' dir='ltr'>cfi:</span> 
     </span>
    </p>
   </div>
   <div class='ocr_carea' id='block_1_7' title="bbox 450 2857 1208 2918">
    <p class='ocr_par' dir='ltr' id='par_1_7' title="bbox 450 2857 1208 2918">
     <span class='ocr_line' id='line_1_32' title="bbox 450 2857 1208 2918; baseline 0.009 -17"><span class='ocrx_word' id='word_1_197' title='bbox 450 2857 491 2912; x_wconf 83' lang='lat'>*)</span> <span class='ocrx_word' id='word_1_198' title='bbox 524 2859 564 2903; x_wconf 80' lang='lat' dir='ltr'>h.</span> <span class='ocrx_word' id='word_1_199' title='bbox 598 2872 630 2903; x_wconf 90' lang='lat' dir='ltr'>e.</span> <span class='ocrx_word' id='word_1_200' title='bbox 665 2859 780 2904; x_wconf 81' lang='lat' dir='ltr'>Hor.</span> <span class='ocrx_word' id='word_1_201' title='bbox 808 2873 943 2906; x_wconf 82' lang='lat' dir='ltr'>earm.</span> <span class='ocrx_word' id='word_1_202' title='bbox 977 2867 1021 2918; x_wconf 89' lang='lat'>1,</span> <span class='ocrx_word' id='word_1_203' title='bbox 1054 2866 1133 2918; x_wconf 79' lang='lat'>26,</span> <span class='ocrx_word' id='word_1_204' title='bbox 1168 2866 1208 2908; x_wconf 86' lang='lat'>5.</span> 
     </span>
    </p>
   </div>
  </div>
 </body>
</html>
