2010 3220
220 192 257 241 4
837 189 1229 236 COMMODIANI

1002 367 1079 412 VI.

389 472 488 526 DE
529 471 860 526 FULMINE
901 471 1134 526 IPSIUS
1173 470 1366 526 IOVIS
1405 471 1697 526 AUDITE.

220 605 272 658 D
305 606 449 659 icitis
489 624 520 659 o
562 606 736 658 stulti:
777 604 923 659 Iouis
961 607 1130 674 tonat,
1169 605 1427 658 fulminat
1465 605 1595 674 ipse.

219 679 266 733 E
302 683 326 732 t
366 681 411 732 si
449 679 749 749 paruulitas
789 680 864 732 sic
905 682 1099 748 censet,
1138 697 1231 731 cur
1270 679 1425 731 annis
1466 679 1709 733 ducentis

218 825 265 878 F
298 826 452 879 uistis
491 826 765 879 infantes?
819 825 1064 895 nunquid
1103 829 1157 878 et
1197 843 1405 894 semper
1444 825 1628 878 eritis‘s>

219 899 271 952 U
303 918 422 952 ersa
461 900 519 952 in
557 903 827 952 maturum
866 899 1100 952 infantia
1138 917 1249 952 non
1287 899 1402 969 agit
1441 917 1633 952 aeuum

218 972 264 1025 L
298 992 449 1043 usus3
488 974 710 1041 puerilis
745 976 893 1026 aetas
926 973 1101 1042 cessit,
1141 973 1216 1025 sic
1257 976 1310 1025 et
1348 973 1508 1025 corda
1546 972 1860 1039 recedant35

220 1046 276 1099 M
306 1047 490 1100 oribus
530 1047 775 1100 uirilibus
816 1047 1040 1099 consilia
1076 1049 1261 1098 uestra
1299 1046 1575 1099 debentur.

220 1119 254 1172 I
304 1121 546 1188 nsipiens
587 1137 716 1190 ergo
756 1119 941 1173 Iouem
979 1120 1277 1172 tonitruare
1315 1123 1376 1172 tu
1416 1120 1584 1172 credis

219 1193 264 1248 N
305 1197 454 1246 atum
495 1194 568 1246 sic
606 1194 665 1245 in
703 1193 861 1247 terris
900 1195 1040 1246 lacte
1080 1193 1298 1262 caprino
1337 1193 1622 1263 nutritum3

219 1267 267 1322 E
302 1284 401 1337 rgo
443 1267 490 1320 si
528 1267 682 1319 illum
724 1267 1094 1320 deuorauisset
1133 1266 1411 1331 SaturnUS,

219 1413 254 1466 I
303 1433 341 1466 n
380 1413 498 1466 istis
537 1414 872 1483 temporibus
914 1414 1032 1483 quis
1072 1414 1294 1483 pluebat
1331 1414 1424 1467 illo
1466 1413 1756 1467 defuncto?
1810 1427 1862 1466 10

219 1486 268 1540 P
301 1488 584 1540 raesertim
624 1488 841 1540 mortali
879 1490 1037 1556 patre
1074 1488 1390 1540 deus-nasci
1430 1485 1698 1541 credatur!

223 1558 262 1614 S
304 1563 526 1614 aturnus
564 1562 622 1613 in
659 1562 815 1614 terris
856 1561 1032 1614 senuit
1071 1563 1125 1614 et
1164 1561 1356 1614 defecit
1392 1561 1450 1613 in
1487 1560 1636 1629 ipsis,

219 1634 255 1686 I
305 1635 439 1686 llum
476 1652 586 1687 non
627 1634 821 1703 aliquis
861 1635 1209 1703 prophetauit
1249 1638 1373 1687 ante
1412 1635 1704 1703 praenasci,

221 1706 273 1760 U
305 1709 376 1773 el,
417 1708 463 1760 si
501 1710 659 1760 tonat
696 1709 834 1776 ipse,
871 1707 983 1760 Lex
1023 1708 1089 1760 ab
1129 1704 1248 1776 ipso
1287 1708 1399 1761 lata
1435 1708 1649 1777 fuisset3

224 1778 263 1834 S
305 1782 537 1834 educunt
575 1782 832 1834 historiae
871 1800 967 1850 per
1005 1784 1158 1834 uates
1198 1781 1486 1835 confectae.
1809 1794 1861 1832 15

223 1927 259 1980 I
305 1928 375 1980 lle
415 1930 593 1980 autem
632 1928 690 1980 in
725 1927 891 1981 Creta
929 1928 1182 1998 regnauit
1219 1931 1273 1980 et
1310 1928 1387 1980 ibi
1426 1928 1636 1981 defecit.

224 1999 269 2053 0
303 2001 610 2070 mnipotcns
650 2001 806 2054 uobis
846 2001 1020 2054 factus
1060 2000 1387 2070 Ganymedis
1428 2004 1637 2054 amator

223 2073 272 2126 V
305 2074 410 2126 iuis
449 2075 563 2141 ipse
602 2074 761 2127 modo
803 2075 1103 2142 simularet,
1144 2075 1188 2126 si
1226 2074 1433 2126 uiueret
1469 2075 1576 2126 ille.

224 2146 258 2199 I
306 2165 524 2215 mpuros
567 2147 733 2200 oratis
774 2151 827 2200 et
867 2147 1043 2200 dicitis
1084 2165 1199 2199 esse
1239 2148 1494 2200 caelestes

228 2217 267 2274 S
308 2221 483 2272 emine
522 2221 738 2273 mortali
777 2224 935 2273 natos
975 2220 1040 2273 de
1079 2219 1406 2290 Gigantibus
1446 2220 1571 2273 illis.
1807 2233 1863 2272 20

225 2365 276 2419 A
308 2366 472 2419 uditis
514 2370 568 2419 et
604 2367 783 2436 legitis
823 2370 1013 2420 natum
1051 2367 1110 2419 in
1148 2370 1292 2419 terra
1322 2367 1509 2423 fuisse:

225 2439 277 2493 U
313 2440 415 2492 nde
454 2440 588 2493 bene
628 2441 825 2493 meruit
863 2443 1146 2510 corruptor
1183 2441 1464 2493 ascendere
1504 2441 1746 2495 caelum?

224 2511 277 2565 I)
311 2513 471 2566 icitur
509 2516 564 2565 et
600 2513 807 2566 fulmen
847 2513 1114 2583 Cyclopas
1153 2514 1231 2566 illi
1270 2513 1470 2580 fecisse,

225 2586 260 2639 I
307 2587 606 2639 mmortalis
647 2587 788 2639 enim
827 2587 1018 2640 habuit
1057 2605 1089 2640 a
1127 2588 1442 2640 mortalibus
1484 2607 1645 2641 arma.

231 2659 277 2712 T
308 2663 365 2713 ot
402 2677 549 2712 reum
591 2661 918 2730 criminibus,
957 2661 1276 2729 parricidam
1316 2680 1523 2731 quoque
1564 2673 1861 2730 suorum725

228 2732 274 2784 E
310 2752 344 2785 x
385 2734 707 2787 auctoritate
744 2736 925 2787 uestra
966 2735 1271 2787 contulistis
1310 2735 1368 2787 in
1408 2737 1591 2789 altum.
