2010 3220
584 207 1090 254 INSTRUCTIONUM
1119 207 1230 253 LIB.
1263 209 1319 253 II.
1684 210 1754 264 29

117 328 167 383 V
197 332 223 383 t
254 331 434 383 autem
466 330 520 381 et
550 328 630 381 illi
661 327 1004 398 refrigerent,
1037 345 1171 396 quos
1204 329 1342 381 male
1373 329 1465 382 ille
1498 330 1682 398 suasit,
1698 342 1755 383 45

116 402 152 456 I
180 403 239 456 ‘n
276 402 441 456 uariis
478 402 668 471 poenis
707 401 970 455 cruciabit
1010 401 1113 454 sibi
1151 402 1457 455 credendos

117 474 168 529 V
200 479 384 530 entum
416 478 499 529 est
523 475 602 528 'ad
628 475 810 543 finem,
838 493 943 544 quo
967 475 1234 528 tolluntur
1264 475 1514 529 scandala
1543 476 1757 545 mund0,

115 549 150 603 I
200 550 372 619 ncipit
408 547 670 603 Dominus
709 548 964 602 iudicium
1005 548 1130 601 dare
1168 567 1265 618 per
1302 549 1499 619 ignem.

115 797 159 841 Π
192 802 214 842 l
250 796 302 842 Ο.
912 795 969 839 II.
1310 815 1312 817 ’
1613 800 1670 840 43
1703 796 1757 840 R.

468 899 569 953 DE
610 898 924 955 SAEcULI
961 898 1193 953 ISTIUS
1231 862 1420 952 FINE.

16 1036 28 1043 '
117 1032 170 1087 l)
204 1036 262 1087 at
297 1033 430 1086 tuba
468 1031 617 1086 caelo
658 1033 871 1102 signum
910 1032 1122 1086 sublato
1161 1033 1333 1102 leone,

119 1107 168 1161 E
202 1111 227 1160 t
263 1107 406 1159 fiunt
443 1106 621 1159 subito
659 1106 913 1159 tenebrae
953 1124 1074 1159 cum
1115 1105 1249 1158 caeli
1285 1106 1519 1175 fragore.

20 1254 23 1255 ⁷
123 1252 163 1308 S
206 1253 472 1307 ummittit
510 1253 694 1306 oculos
734 1252 1023 1322 Dominus,
1061 1254 1123 1305 ut
1159 1255 1304 1305 terra
1341 1254 1651 1320 tremescat,

119 1326 172 1381 A
203 1328 430 1381 cclamat
466 1329 528 1379 ut
566 1329 622 1379 et
660 1327 881 1380 audiant
918 1345 1105 1380 omnes
1142 1326 1201 1378 in
1240 1325 1448 1378 orbem:

119 1400 167 1454 E
204 1418 293 1454 cce
332 1400 423 1452 diu
461 1399 608 1453 tacui
648 1400 909 1453 sufferens
946 1403 1103 1453 tanto
1142 1403 1385 1468 tempore
1423 1399 1628 1451 uestra!
1735 1410 1761 1450 5

123 1473 165 1528 G
204 1475 515 1528 onclamant
552 1473 754 1542 pariter
792 1473 1111 1543 plangentes
1151 1490 1268 1526 sero
1308 1474 1585 1542 gementes
1593 1514 1609 1541 ‚

18 1559 22 1564 '
119 1546 172 1601 U
203 1548 420 1616 lulatur,
457 1547 716 1616 ploratur,
754 1565 852 1600 nec
892 1547 1128 1615 spatium
1167 1546 1326 1599 datur
1362 1545 1584 1614 iniquis:

117 1619 164 1673 L
200 1621 406 1674 actanti
445 1619 573 1689 quid
610 1620 774 1673 faciet
811 1622 1004 1688 mater,
1044 1637 1166 1672 cum
1204 1619 1326 1688 ipsa
1365 1616 1666 1671 crematur?

118 1693 152 1748 I
201 1713 240 1747 n
277 1695 496 1747 flamma
532 1694 677 1765 ignis
716 1692 980 1747 Dominus
1019 1692 1279 1746 iudicabit
1316 1691 1555 1760 iniquos:

119 1840 154 1894 I
203 1844 356 1894 ustos
382 1843 560 1894 autem
583 1858 695 1895 non
717 1842 908 1911 tanget
929 1840 1087 1910 ignis,
1112 1839 1205 1893 sed
1228 1839 1394 1892 immo
1420 1838 1763 1907 delinquet.10

21 1915 26 1946 Γ
123 1913 163 1969 S
210 1914 282 1967 ub
323 1933 431 1968 uno
469 1916 764 1983 morantur,
803 1913 896 1966 sed
933 1931 1060 1982 pars
1099 1913 1157 1966 in
1197 1912 1464 1966 sententia
1502 1911 1667 1966 flebit.

23 2008 27 2017 ’
122 1987 173 2040 Τ
211 1990 370 2041 antus
410 1987 513 2040 erit
551 1988 723 2056 ardor,
761 1990 824 2040 ut
860 1987 1065 2056 lapides
1102 1987 1209 2056 ipsi
1245 1986 1567 2056 liquescant,

120 2061 158 2114 I
206 2079 244 2113 n
283 2060 510 2114 fulmine
549 2064 745 2115 coeunt
782 2061 953 2131 uenti,
990 2060 1124 2114 furit
1161 2060 1243 2114 ira
1280 2058 1550 2127 caelestis,

122 2133 175 2188 U
205 2139 253 2204 t,
293 2152 625 2205 quacumque
664 2134 831 2205 fugit,
866 2135 1064 2203 impius
1104 2136 1390 2203 occupetur
1427 2132 1495 2185 ab
1533 2132 1681 2202 igne3

22 2211 27 2253 ἑ
126 2205 166 2262 S
208 2208 491 2278 uppetium
527 2209 735 2262 nullum
773 2209 898 2278 erit,
935 2225 1033 2261 nec
1070 2207 1319 2261 nauticae
1357 2223 1586 2275 puppes:
1711 2217 1763 2257 15

126 2353 173 2407 F
205 2355 405 2408 lamma
440 2358 624 2408 tamen
663 2357 850 2425 gentes
888 2352 1035 2407 Medi
1071 2352 1366 2422 Parthique
1403 2352 1617 2404 seruent

24 2454 37 2503 :⁴
125 2425 161 2481 I
208 2445 247 2480 n
285 2429 439 2482 annis
478 2429 648 2498 mille,
686 2431 747 2481 ut
782 2428 1003 2481 feruunt
1039 2444 1264 2496 corpora
1303 2425 1520 2478 sanctis'.

24 2529 27 2531 >
81 2560 85 2564 ,
126 2499 175 2553 N
208 2519 297 2554 am
335 2502 459 2555 inde
496 2505 622 2571 post
659 2519 831 2555 annos
871 2502 1018 2554 mille
1058 2500 1335 2571 gehennae
1373 2498 1674 2564 traduntur,

32 2632 34 2637 ,
127 2572 176 2627 Ε
209 2578 236 2628 t
270 2574 478 2628 fabrica
518 2575 668 2628 cuius
708 2577 862 2627 erant
899 2593 1020 2628 cum
1057 2574 1178 2644 ipsa
1217 2574 1535 2626 cremantur.

190 2782 231 2833 1,
262 2780 334 2821 45.
366 2782 445 2821 46:
484 2776 630 2834 Apoo‚
662 2781 734 2834 20,
767 2782 837 2823 10.

187 2839 230 2891 2,
262 2840 310 2880 52
341 2835 413 2879 Ps.
446 2840 607 2892 49‚21.
640 2835 804 2892 Es.42,
824 2840 895 2883 14.
927 2861 981 2868 -
1015 2840 1063 2880 9:
1095 2835 1172 2878 Es.
1205 2838 1275 2889 66,
1312 2838 1377 2877 16.
1411 2836 1450 2876 2.
1467 2831 1624 2875 Thess.
1661 2834 1698 2883 1,
1718 2833 1760 2873 8.
