2010 3220
266 183 414 229 LXVI
902 183 1262 231 PRAEFATIO.

270 306 392 357 cett.
438 332 501 340 -
555 304 771 371 yemmis
810 303 942 373 edd„
985 320 1147 372 yeaas
1184 303 1246 358 B.
1290 335 1351 341 —
1406 323 1455 356 ιι.
1500 305 1581 358 16.
1630 311 1816 360 uestem
1852 306 1911 377 L,
2009 359 2010 374 ¹

267 381 402 430 ueste
440 374 541 428 AB
550 418 565 446 ,
619 381 779 437 uestes
818 377 935 429 edd.
989 408 1059 415 --
1117 382 1212 430 aut
1254 382 1412 431 totam
1449 378 1640 432 Zabuli
1665 396 1915 448 pompam
2009 375 2010 394 ³

267 450 398 518 edd„
443 453 539 502 aut
578 454 684 503 tota
719 450 911 503 Zabuli
939 467 1136 518 pompa
1173 451 1287 503 cod.
1327 449 1423 504 Sti.
1447 450 1586 520 Alb.‚
1624 452 1690 505 cf.
1727 452 1913 507 Baluz.

273 523 342 577 ad
380 523 626 577 Lactant.
666 523 729 575 de
768 522 927 575 Mort.
960 523 1105 577 Pers,
1145 541 1188 577 c.
1223 525 1290 577 16
1332 522 1405 593 (p.
1441 525 1508 578 16
1549 525 1627 578 ed.
1665 524 1913 597 Bauldri)

270 595 387 651 AB.
428 627 494 635 --
537 615 587 649 ιι.
623 596 707 649 19.
734 613 938 665 purgas
975 596 1027 649 A
1067 597 1197 667 edd„
1224 602 1422 666 pumat
1456 596 1518 650 B.
1562 628 1626 636 —-
1667 601 1914 667 sequendo

273 670 405 738 edd„
442 671 696 738 sequenda
734 668 849 722 AB.
890 701 956 707 —
1000 690 1051 723 ιι.
1091 671 1179 723 21.
1223 669 1322 722 ΑΒ
1364 670 1476 724 edd.
1517 671 1766 725 lacunam
1804 690 1917 726 non
1994 684 2000 687 ’

272 744 549 813 praebent,
590 743 681 796 sed
720 761 841 795 cum
882 747 1203 813 argumento
1245 762 1306 796 ae
1346 745 1619 797 sententia
1647 748 1764 798 tum
1794 747 1916 808 abe-

272 817 485 871 cedaria
524 817 665 870 serie'
699 814 788 886 (ef.
819 816 862 884 I,
886 817 981 886 35)
1021 835 1210 869 uersus
1243 816 1591 886 desideratur,
1628 819 1692 871 de
1723 837 1829 887 qua
1858 837 1915 872 re

270 890 328 943 in
374 890 556 943 Iahnii
604 890 799 943 annall.
849 893 887 942 b.
936 890 1005 943 97
1058 888 1130 960 (a.
1172 887 1338 960 1868)
1391 908 1443 958 p.
1482 891 1592 944 435
1644 891 1914 945 Lucianus

268 963 499 1017 Mueller
539 963 850 1032 disputauilz,
887 963 981 1032 qui
1015 963 1092 1016 sic
1123 963 1233 1015 fere
1266 963 1624 1032 supplendum
1656 983 1770 1018 esse
1800 983 1915 1018 uer-

271 1069 391 1104 sum
437 1053 644 1104 censet:
699 1050 847 1103 XPI
876 1052 1087 1104 seruitio
1124 1068 1219 1104 uos
1258 1055 1357 1104 toto
1396 1052 1616 1105 addicite
1652 1054 1809 1106 corde.
1843 1082 1912 1090 —-

269 1143 320 1177 ιι.
360 1125 447 1178 22.
499 1125 696 1192 placete
734 1123 866 1192 edd„
910 1125 1115 1192 placere
1152 1123 1266 1177 AB.
1310 1155 1373 1162 -
1416 1144 1467 1177 ιι.
1504 1125 1592 1178 23.
1645 1125 1915 1179 Zelantes:

275 1198 511 1252 Telamtes
549 1196 623 1266 A,
667 1196 914 1250 zelantes
954 1196 1036 1268 (in
1075 1217 1143 1250 m.
1182 1196 1233 1263 z)
1271 1196 1334 1250 B.
1378 1228 1441 1235 —
1480 1199 1664 1264 fauore
1699 1199 1770 1267 B,
1812 1199 1913 1265 fer·

267 1288 390 1325 πονε
427 1270 479 1323 Α
517 1270 634 1323 edd.
678 1301 740 1308 —
785 1272 986 1324 odorem
1024 1270 1123 1323 AB
1165 1271 1296 1340 edd„
1334 1272 1541 1325 adorem
1579 1271 1704 1325 Luc,
1746 1271 1915 1325 Muel-

266 1345 346 1397 ler
382 1345 417 1398 1.
456 1345 490 1396 l.

423 1460 492 1530 Π,
509 1462 596 1514 20.
634 1461 707 1514 In
743 1461 946 1515 ecclesia
983 1462 1126 1514 omni
1153 1462 1345 1529 populo
1383 1462 1477 1514 dei.
1512 1491 1575 1499 —
1618 1481 1669 1514 u.
1689 1462 1735 1514 1.
1773 1462 1914 1515 iustu

271 1534 335 1587 B.
369 1566 438 1572 —
471 1553 522 1588 ιι.
548 1534 597 1587 5.
636 1534 907 1602 obiuryate,
946 1538 1156 1588 ouantes
1194 1533 1343 1605 (AB)
1381 1535 1564 1602 efficite
1604 1534 1690 1604 (B,
1727 1535 1917 1602 afficite

272 1609 361 1661 uel
409 1607 490 1674 eff.
538 1605 613 1678 A)
663 1608 799 1661 lucta
835 1606 879 1659 L
928 1605 1080 1678 (Zuoeu
1126 1605 1274 1678 AB);
1329 1608 1637 1676 obiuryatis:
1675 1625 1704 1661 0
1741 1613 1918 1661 uenter

270 1681 492 1747 effercite
530 1682 656 1734 luxu
694 1680 808 1733 edd.
850 1711 919 1718 -—
959 1700 1009 1733 ιι.
1050 1681 1102 1735 6.
1146 1681 1378 1734 Laborat
1414 1681 1544 1750 edd„
1584 1681 1761 1734 labora
1797 1680 1913 1734 AB.

278 1815 350 1822 ——
375 1803 425 1838 ιι.
446 1785 494 1837 7.
529 1783 702 1851 fartus
733 1783 920 1851 opibus·
940 1782 1072 1852 edd„
1108 1783 1277 1850 factus
1314 1781 1380 1852 A,
1414 1757 1588 1849 faitus
1625 1782 1693 1852 B;
1734 1785 1914 1850 opida-s·

272 1857 392 1910 AB.
436 1887 500 1896 —
543 1857 738 1911 resistis
774 1855 890 1924 AB,
929 1861 973 1909 te
1001 1857 1142 1910 sistis
1180 1856 1297 1909 edd.
1337 1887 1401 1896 -
1444 1875 1493 1909 ιι.
1512 1857 1560 1909 9.
1589 1858 1774 1924 pendit
1801 1856 1917 1925 AB,

265 1932 458 2000 pendet
501 1930 615 1984 edd.
675 1960 738 1968 —
796 1928 1007 1983 ecclesia
1039 1928 1103 1984 B.
1158 1960 1221 1968 —
1278 1948 1328 1983 u.
1372 1930 1455 1982 10.
1507 1930 1757 1983 abstinere
1800 1928 1917 1998 AB,

273 2005 521 2058 abstineri
559 2003 674 2057 edd.
717 2034 779 2041 —
822 2004 965 2056 uides
999 2003 1112 2069 fr—wi
1146 2002 1261 2055 AB.
1305 2033 1368 2040 —
1410 2022 1460 2056 ιι.
1481 2004 1563 2055 11.
1603 2003 1769 2056 obstas
1807 2002 1916 2072 (uel

279 2078 444 2131 obstos
480 2075 554 2147 A)
594 2076 709 2145 AB,
748 2076 812 2128 de
852 2076 1158 2129 accusatiuo
1198 2076 1262 2128 cf.
1301 2075 1350 2144 2,
1377 2076 1462 2143 18,
1489 2075 1579 2146 15;
1617 2080 1761 2142 optas
1800 2075 1914 2129 edd.

274 2181 348 2189 -—
377 2152 510 2218 pac?
544 2150 617 2217 A,
646 2167 751 2217 pac
788 2152 820 2202 ἒ
852 2148 924 2220 Β;
976 2149 1162 2201 obstas
1201 2149 1260 2201 in
1298 2149 1491 2201 castris
1527 2166 1716 2217 pacem
1754 2148 1805 2201 h.
1846 2167 1912 2201 e.:

274 2225 332 2277 in
378 2224 574 2277 uestris
623 2223 814 2276 castris
861 2221 1181 2276 seditionem
1227 2239 1289 2275 ae
1329 2221 1619 2275 discordias
1660 2222 1915 2291 concitae,

277 2298 405 2350 dum
442 2298 611 2350 frater
649 2314 770 2349 cum
807 2296 964 2349 hoste
1003 2298 1227 2366 pugnat.
1267 2324 1336 2333 —
1375 2313 1425 2347 ιι.
1468 2295 1549 2347 12.
1588 2295 1723 2362 fiant
1757 2312 1819 2348 ea
1855 2294 1915 2363 L,

276 2372 447 2425 sciant
482 2388 543 2423 ea
579 2369 692 2439 AB,
731 2370 804 2423 sis
833 2374 952 2422 ante
990 2369 1105 2421 edd.
1150 2399 1210 2406 —
1253 2368 1405 2483 Ssslua
1427 2366 1493 2482 A?
1523 2368 1707 2448 ‘saluus
1728 2367 1775 2420 B
1800 2367 1914 2421 edd.

1319 2452 1365 2483 80
1393 2453 1459 2483 me
1480 2453 1553 2483 ms

277 2533 343 2541 -
385 2521 435 2555 u.
457 2503 541 2555 13.
581 2500 695 2554 Nec
725 2502 891 2554 intuis
915 2501 1234 2554 Dominum:
1272 2499 1420 2552 Haec
1448 2501 1612 2553 inticis
1640 2501 1764 2552 ditm
1800 2498 1914 2567 AB,

276 2577 385 2630 Nec
414 2576 598 2628 metuis
620 2574 909 2628 Dominum
940 2574 1055 2628 edd.
1080 2604 1149 2610 —
1179 2574 1455 2640 praeconio
1479 2573 1609 2642 edd„
1635 2573 1915 2640 praeconia

276 2648 391 2703 AB.
431 2679 498 2687 -
540 2649 791 2702 clamante
820 2646 935 2716 AB,
974 2648 1278 2700 clamantem
1317 2646 1431 2699 edd.
1475 2677 1534 2683 —
1579 2665 1628 2698 u.
1658 2645 1740 2697 14.
1778 2645 1917 2698 iubet

275 2722 408 2791 edd„
446 2722 580 2775 lubet
615 2720 728 2774 AB.
772 2752 833 2759 —
875 2740 924 2774 ιι.
968 2720 1051 2773 15.
1090 2720 1282 2772 diurna
1317 2718 1384 2789 L3
1421 2722 1583 2788 poeta
1621 2737 1743 2771 cum
1781 2717 1913 2770 mul-

281 2796 355 2849 tis
394 2796 582 2849 efferat
619 2795 797 2848 uerbis
835 2793 1256 2846 misericordiam
1297 2791 1384 2861 (cf.
1417 2810 1625 2861 semper
1663 2791 1912 2844 omnibus
