2010 3220
592 227 1099 274 INSTRUCTIONUM
1128 228 1240 274 LIB.
1274 231 1306 274 Ι.
1735 231 1766 282 7

917 448 996 492 XI.

407 565 689 621 APOLLO
728 565 1173 622 SORTILEGUS
1211 568 1497 623 FALSUS.

135 713 185 768 A
215 713 474 783 pollinem
510 714 692 768 facitis
733 714 972 767 citharae
1011 715 1169 767 deum
1210 718 1370 786 atque
1410 717 1666 770 diuinum.

135 788 184 841 P
215 788 413 840 rimum
451 787 516 840 de
555 787 779 841 moecha
816 791 976 841 natus
1015 788 1075 840 in
1112 789 1287 842 insula
1314 789 1478 859 Delo,

133 859 180 916 0
214 862 362 915 blata
400 861 642 914 mercede
679 862 1027 930 postmodum
1067 864 1389 915 structuram
1429 867 1664 916 secutus·

134 934 181 987 L
216 935 524 989 aomedonti
561 935 678 1005 regi
717 935 1075 989 Troianorum
1113 954 1295 989 muros
1335 936 1529 1004 eduxit,

18 1033 33 1041 ·
134 1007 181 1061 L
217 1009 497 1078 ocauitque
537 1026 676 1077 sese,
714 1027 870 1078 quem
910 1010 1067 1062 deum
1108 1009 1312 1062 seducti
1347 1010 1573 1078 putatiS,
1746 1023 1771 1063 5

134 1079 180 1135 0
214 1082 390 1135 ssibus
430 1082 581 1135 cuius
621 1100 772 1135 amor
810 1081 1146 1136 Cassandrae
1183 1083 1449 1153 flagrauit,

135 1270 177 1328 S
218 1274 412 1327 ubdole
453 1291 611 1343 quem
648 1273 779 1327 lusit
816 1274 993 1344 uirgo,
1031 1273 1238 1327 fallitur
1276 1274 1368 1343 qui
1406 1274 1638 1344 diuinus3

136 1345 181 1400 Ο
214 1347 364 1400 fficio
404 1347 641 1400 uerberis
680 1347 862 1415 potuit
900 1348 1034 1401 scire
1075 1347 1358 1401 bicordem.

134 1419 189 1473 R
214 1421 497 1489 epudiatus
537 1421 681 1473 enim
720 1420 967 1474 discessit
1004 1420 1127 1474 inde
1167 1421 1394 1474 diuinus,

137 1493 186 1547 Τ
216 1495 388 1547 orruit
424 1494 568 1547 1111110
606 1494 762 1564 uirgo
802 1495 1001 1564 specie,
1041 1513 1203 1564 quam
1241 1494 1333 1547 ille
1372 1494 1601 1548 deberet.
1720 1509 1772 1549 10

134 1567 170 1621 I
216 1568 289 1620 lle
327 1558 476 1636 prior
514 1567 607 1637 qui
644 1570 760 1621 tum
799 1568 1059 1622 debuerat
1097 1568 1252 1621 deam
1292 1568 1574 1637 amauisse,

133 1640 182 1694 L
218 1641 671 1710 asciuientemque
708 1641 978 1711 Daphnen
1016 1642 1093 1695 sic
1130 1642 1307 1711 coepit
1345 1660 1524 1695 amare

133 1714 183 1768 E
218 1718 243 1768 t
280 1733 465 1768 amens
504 1715 818 1784 insequitur,
858 1716 984 1768 dum
1023 1716 1143 1769 uult
1180 1715 1387 1770 uiolare
1424 1716 1683 1783 puellam:

138 1784 189 1842 G
219 1789 352 1841 ratis
394 1791 551 1841 amat·
580 1789 779 1841 stultus
788 1830 803 1856 ‚
840 1807 939 1841 nec
975 1789 1154 1857 potuit
1192 1789 1444 1857 consequi
1483 1806 1654 1841 cursu.

135 1861 188 1915 U
221 1862 294 1929 el,
334 1862 380 1915 si
417 1861 564 1914 Deus
604 1865 741 1929 erat,
780 1865 1079 1915 occurreret
1115 1861 1198 1914 illi
1237 1880 1331 1930 per
1369 1879 1550 1915 auras:
1719 1875 1771 1914 15

136 1932 179 1989 S
220 1936 292 1989 ub
332 1935 491 1988 tectis
530 1934 624 1988 illa
661 1935 810 2004 prior
848 1935 1019 2004 uenit,
1056 1935 1418 2004 remansitque
1457 1935 1686 1987 diuinus.

135 2125 184 2179 F
219 2127 337 2179 allit
376 2144 474 2180 uos
514 2143 646 2197 gens
685 2126 988 2195 hominum,
1026 2145 1154 2178 nam
1192 2125 1338 2179 biuio
1377 2125 1493 2178 triti
1531 2125 1761 2178 fuerunt.

132 2197 187 2252 A
218 2199 458 2269 primitia
497 2218 707 2270 quoque
747 2218 942 2268 pecora
978 2200 1191 2268 pauisse
1229 2199 1470 2252 refertur.

136 2272 184 2325 L
221 2274 404 2327 usibus
442 2273 713 2343 impositis
754 2274 879 2326 dum
919 2274 1157 2326 mitteret
1195 2272 1398 2325 discum
1438 2272 1494 2323 in
1534 2272 1716 2339 altum,

140 2343 180 2400 S
219 2341 504 2416 ublapsum
527 2365 638 2400 non
660 2346 841 2416 potuit
862 2346 1108 2413 retinere,
1131 2345 1426 2415 prostrauit
1451 2345 1701 2398 amicum:
1719 2358 1775 2397 20

0 2390 30 2458 ἐξ·
139 2419 192 2473 U
224 2420 410 2473 ltimus
450 2420 542 2473 ille
583 2421 695 2473 dies
733 2421 838 2473 fuit
875 2419 1170 2489 Hyacinthi
1209 2419 1421 2472 sodalis.

139 2489 181 2547 S
220 2494 239 2546 i
279 2494 493 2547 diuinus
533 2497 670 2564 erat,
710 2497 938 2548 mortem
975 2493 1314 2562 praesciisset
1353 2492 1524 2545 amici.
