2032 3220
761 235 1120 281 PRAEFATIO.
1611 241 1765 286 XXXI

278 353 372 423 15)
413 354 675 408 Hercules.
715 385 784 391 —
826 373 875 407 ιι.
894 357 943 408 3.
981 373 1124 410 mens
1145 357 1284 426 Rig„
1323 375 1469 412 mons
1492 359 1606 429 AB,
1640 378 1767 445 qens

19 426 22 430 ’
125 428 278 482 Oehl.
315 457 388 466 —
435 428 672 481 indocilis
708 445 901 495 quoque
938 429 1035 482 AB
1076 430 1204 498 edd„
1251 402 1606 500 indocilisque
1617 436 1667 486 A
1706 435 1765 487 in

15 498 20 504 ’
124 520 293 573 marg.
330 532 402 539 -—
441 520 491 555 ιι.
515 501 566 553 4.
606 501 827 555 absentis
869 503 1122 557 Tonantis
1161 473 1275 574 A’B,
1313 505 1509 559 absenti
1535 507 1768 560 Tonanti

15 603 17 605 ·
126 577 241 629 edd.
288 606 360 613 —-
406 594 455 627 ιι.
495 574 545 628 5.
597 580 852 628 uenerunt
897 575 947 629 A
987 577 1043 630 in
1084 595 1270 648 marga,
1311 579 1440 646 edd„
1493 581 1769 634 uoluerunt

2 659 23 688 r
125 651 239 703 ΑΒ.
283 680 344 686 -
390 649 557 715 inepto
595 652 653 700 ut
688 650 776 701 deo
816 647 911 719 (sc.
932 649 1195 734 Herculi)
1234 651 1347 721 AB,
1386 654 1546 720 inepti
1581 659 1642 706 ut
1676 655 1766 708 deo
1823 690 1838 701 -

20 736 22 738 ’
126 724 263 794 edd.3
304 721 722 776 Commodianus
761 722 814 776 h.
854 723 886 775 l.
926 724 985 776 in
1025 726 1323 779 enarranda
1360 726 1588 780 historia
1627 746 1768 780 erra-

28 852 31 854 .
125 798 229 866 uit,
274 815 395 850 cum
441 795 689 848 homines
737 796 938 850 diceret
982 816 1093 851 non
1137 798 1255 852 Ιοιιι
1295 801 1512 853 absenti
1561 801 1766 854 hostias

24 872 26 874 ’
123 840 361 938 uouisse,
417 869 508 922 sed
555 868 775 933 Herculi
827 868 1035 940 (inepto
1086 871 1228 940 [AB]
1280 876 1340 926 ut
1386 874 1484 927 deo
1534 874 1763 943 orando)

19 950 22 951 ⁷
124 945 272 999 Iouis
313 913 458 1014 (AB)
504 931 714 996 hostias
752 945 1076 998 mactauisse
1116 946 1378 1013 absentis,
1433 948 1525 1017 qui
1565 949 1767 1001 auxilio

4 1035 17 1057 ,·
123 1037 235 1072 non
274 1018 481 1070 fuisset.
521 1046 591 1053 —
630 1036 682 1071 u.
707 1017 756 1070 6.
793 1018 1092 1072 Laetandas
1129 1037 1253 1073 aras
1290 989 1403 1089 ΑΒ,
1443 1022 1687 1075 lactantes
1716 1040 1768 1074 a

2 1130 6 1131 ν
125 1093 255 1161 edd„
295 1093 520 1145 litandas
555 1107 603 1143 a.
642 1090 774 1143 Pitr.
815 1089 888 1161 Sp
892 1093 954 1146 ic.
993 1091 1074 1146 IV
1110 1112 1160 1162 p.
1201 1094 1311 1147 225
1352 1096 1489 1147 coni.
1529 1127 1601 1133 —-
1639 1113 1700 1147 ιι.
1717 1097 1769 1148 7

115 1184 218 1235 pro
255 1167 405 1219 rectis
443 1163 537 1234 (sc
562 1162 693 1234 aris)
733 1166 794 1217 de
829 1170 1024 1219 uetusto
1062 1184 1200 1220 more
1229 1168 1463 1221 colantur
1493 1166 1589 1239 (sc.
1615 1169 1765 1238 arae)

7 1240 10 1243 ’
123 1239 182 1309 L,
222 1239 286 1292 de
319 1237 593 1291 dictione
604 1247 703 1306 p'ro
735 1239 896 1291 rectis
930 1239 1204 1292 colantur'
1229 1241 1294 1294 cf.
1319 1239 1493 1294 Carm.
1518 1242 1568 1295 A
1598 1243 1764 1295 1008:

125 1331 258 1383 quos
296 1331 394 1381 pro
435 1328 635 1380 magno
683 1312 953 1380 colebant3
997 1316 1305 1382 prorepsit
1347 1313 1428 1385 (in
1466 1333 1533 1368 m.
1572 1315 1764 1386 rexit)

10 1402 22 1458 s
123 1388 196 1455 A,
234 1387 472 1454 prorexit
506 1385 577 1454 B,
623 1386 821 1438 colatur
857 1385 979 1454 AB,
1007 1389 1313 1454 prouenit..
1340 1389 1598 1442 ..colatur
1636 1389 1751 1441 edd.
1741 1431 1773 1459 .,

115 1461 359 1530 prouenit
391 1464 511 1512 ut..
537 1459 758 1512 .colatur
797 1458 945 1512 Oehl.
983 1460 1041 1512 in
1081 1461 1201 1513 adn.

276 1531 367 1604 16)
406 1533 490 1586 De
526 1533 608 1585 dis
646 1533 940 1600 deabusque.
980 1564 1050 1570 —
1097 1536 1199 1588 diis
1236 1534 1348 1588 AB.
1424 1535 1489 1588 In
1529 1536 1763 1589 carmine

11 1608 15 1611 ’
122 1608 226 1661 hoc
279 1606 378 1660 AB
434 1605 651 1676 quidem
703 1609 829 1675 post
881 1625 1097 1660 uersum
1156 1612 1407 1677 quartum
1460 1609 1764 1678 imperfecti

6 1688 38 1734 2³
123 1699 309 1734 uersus
358 1681 596 1749 spatium
640 1679 848 1732 inserta
894 1679 938 1732 I
967 1681 1150 1734 littera
1189 1682 1457 1751 indicant,
1492 1683 1603 1735 'sed
1643 1701 1767 1736 cum

9 1792 33 1819 ·.,
124 1755 428 1825 argumenti
460 1753 595 1807 nihil
627 1752 969 1822 desideretur,
1000 1755 1349 1808 manifestum
1378 1760 1460 1809 est
1483 1756 1768 1808 librarium

125 1828 389 1898 quendam
427 1831 656 1897 utroque
697 1829 751 1878 et
787 1827 933 1878 tituli
981 1830 1035 1879 et
1082 1829 1370 1882 acrostichi
1408 1830 1525 1882 loco
1564 1831 1587 1881 i
1624 1830 1767 1881 litte-

24 1952 25 1955 ,
124 1921 243 1955 ram
281 1901 673 1954 redundantem
712 1899 1024 1968 intexuisse,
1062 1904 1124 1953 ut
1163 1902 1245 1954 sui
1283 1903 1544 1970 temporis
1585 1903 1764 1955 ortho-

126 1974 385 2045 graphiae
422 1974 690 2027 rationem
728 1972 965 2026 haberet.
991 2003 1060 2011 ——
1086 1993 1135 2027 ιι.
1153 1975 1201 2027 2.
1235 1977 1432 2043 qenesis
1453 1975 1568 2044 AB,
1608 1975 1772 2028 forte

120 2046 368 2132 qeneseis'
407 2047 558 2100 Pitra
598 2045 781 2114 spicil
804 2045 884 2099 IV
923 2066 973 2115 p.
999 2047 1122 2100 225.
1154 2078 1215 2085 -
1244 2049 1389 2101 uobis
1426 2048 1488 2118 Β,
1525 2050 1670 2102 nobis
1700 2049 1771 2100 Α

127 2151 195 2158 -
236 2140 287 2173 ιι.
324 2122 375 2173 4.
422 2122 678 2204 utrimque
716 2119 847 2188 edd„
885 2125 1156 2188 utrumque
1194 2121 1317 2191 ΑΒ,
1369 2126 1495 2190 post
1532 2122 1677 2175 hunc
1714 2143 1768 2174 u.

12 2201 19 2258 j
124 2195 182 2247 in
220 2194 318 2246 AB
357 2195 518 2247 unius
557 2211 745 2247 uersus
777 2193 968 2246 lacuna
999 2197 1191 2263 exstat,
1229 2194 1292 2248 de
1325 2214 1431 2264 qua
1461 2196 1571 2248 iam
1604 2214 1768 2264 supra

125 2268 326 2321 dictum
365 2270 460 2321 est.
500 2299 571 2306 —
611 2287 659 2322 ιι.
689 2267 738 2321 5.
778 2265 927 2319 Inter
963 2268 1012 2320 si
1049 2272 1102 2321 et
1140 2268 1374 2321 tribuunt
1409 2269 1465 2322 in
1505 2269 1602 2322 AB
1645 2288 1767 2337 spa-

34 2351 35 2355 ’
126 2341 263 2394 tium
317 2345 573 2410 quattuor
626 2343 713 2394 uel
768 2340 1003 2409 quinque
1057 2341 1360 2394 litterarum
1413 2343 1654 2395 interest.
1699 2373 1763 2379 —

34 2427 42 2485 ζ
122 2416 318 2482 qenesis
356 2413 402 2466 B
444 2415 581 2484 edd„
621 2430 846 2486 qeneses
886 2413 968 2480 (in
1006 2433 1076 2467 m.
1115 2413 1229 2484 sis)
1268 2417 1344 2483 A,
1377 2417 1598 2499 qeneseis
1635 2415 1766 2467 Pitr.

46 2539 47 2542 ,
126 2488 221 2540 1.1.
250 2519 312 2526 -
356 2507 406 2542 ιι.
431 2489 480 2542 8.
517 2489 632 2541 Aut
666 2488 765 2541 AB
806 2487 919 2539 edd.
959 2489 1173 2556 praeter
1212 2487 1376 2558 Oehl.,
1416 2489 1508 2557 qui
1546 2493 1604 2541 at
1641 2489 1770 2540 scri-

15 2566 27 2580 ’·
127 2562 250 2629 psit.
274 2592 346 2599 —
384 2581 434 2614 u.
460 2562 508 2615 9.
547 2562 790 2625 Furiam,
827 2561 966 2612 iram
1004 2561 1260 2615 caelestem
1298 2562 1364 2630 L,
1402 2562 1576 2614 Furia
1607 2578 1695 2613 ma
1726 2578 1769 2612 c.

127 2633 247 2704 AB,
292 2635 519 2688 Fariam
556 2653 666 2689 una
703 2636 959 2688 caelestem
1007 2633 1143 2704 ffig„
1187 2635 1414 2688 Furiam
1452 2635 1559 2687 unci
1599 2634 1767 2687 Caele-

39 2710 45 2717 ”
127 2711 251 2760 stem
309 2707 481 2776 Oehl.,
535 2710 627 2779 qui
667 2706 1025 2762 ‘Caelestem’
1067 2708 1228 2760 aliam
1275 2708 1428 2760 deam
1468 2707 1656 2760 adfert.
1699 2735 1763 2743 —

128 2799 178 2832 u.
221 2781 303 2833 10.
364 2783 615 2850 uirqines
654 2780 737 2852 (in
775 2801 845 2834 ιιι.
882 2779 1004 2850 nis)
1051 2779 1102 2832 A
1142 2781 1274 2851 edd.,
1326 2781 1550 2848 uirqinis
1595 2778 1656 2831 Β.
1695 2808 1765 2815 -

28 2867 43 2902 τ·
129 2855 362 2922 coniuqes
408 2853 454 2906 Β
494 2855 631 2923 edd.,
684 2857 983 2921 coniunqere
1018 2853 1085 2907 A.
1143 2884 1209 2892 —
1266 2873 1316 2907 u.
1361 2856 1443 2906 11.
1497 2852 1770 2905 daemonia
