2010 3220
271 214 343 266 10
897 211 1288 257 COMMODIANI

268 333 321 386 D
356 334 600 403 eciperiS,
638 352 797 401 nane,
839 334 929 402 qui
967 333 1153 386 Manes
1195 334 1405 403 quaeris
1447 352 1619 404 orare,

269 407 317 460 Ε
353 410 378 459 t
417 407 509 476 qui
546 407 880 461 fabricantur
919 406 1164 460 dominos
1204 408 1303 460 tibi
1341 426 1616 478 nuncupas
1657 427 1788 462 esse.

269 479 319 533 A
352 484 412 533 ut
450 481 675 534 feminas
716 498 925 549 quoque
963 481 1144 534 nescio
1185 499 1315 550 quas
1357 482 1482 534 deas
1523 483 1714 550 oratis,

266 554 319 607 B
354 555 584 607 ellonam
621 558 674 607 et
704 553 962 607 Nemesin
993 554 1133 623 deaS,
1164 553 1397 623 Furiam,
1434 555 1571 608 iram
1611 557 1908 623 caelestem,

269 627 321 680 U
352 628 553 698 irgines
573 631 627 681 et
636 628 918 697 Uenerem,
927 628 1012 681 cui
1027 628 1277 698 coniuges
1295 632 1504 683 uestrae
1523 630 1907 684 delumbant.10
1994 683 1999 686 .

271 699 310 755 S
351 705 451 754 unt
489 702 595 754 alia
632 705 910 771 praeterea
947 702 1228 755 daemonia
1265 702 1431 773 fanis,

269 773 315 845 Q
348 793 446 828 uae
484 793 583 828 nec
621 778 971 829 numerantur
1007 776 1179 830 adhuc
1220 779 1273 828 et
1311 776 1368 827 in
1407 779 1543 832 collo
1582 777 1841 846 feruntur,

267 847 321 901 U
352 851 376 901 t
415 867 512 901 nec
549 849 656 918 ipsi
695 849 798 902 sibi
836 849 1050 918 possint
1086 849 1351 902 rationem
1390 851 1619 904 reddere.
1674 851 1862 904 Pestes

268 921 315 975 Ε
351 923 592 991 xportari
631 923 804 993 magis
843 923 901 976 in
937 923 1129 976 ultima
1166 926 1311 976 terra
1349 925 1617 978 deberent.

1017 1141 1160 1187 XVII.

646 1245 744 1299 DE
785 1245 1220 1300 SIMULAGRIS
1259 1246 1532 1302 EORUM.

264 1361 319 1415 I)
347 1364 570 1416 eludunt
608 1381 706 1416 uos
745 1364 902 1433 pauci
942 1364 1189 1416 scelerati
1226 1367 1378 1417 uates
1418 1366 1628 1419 inanes:

263 1436 315 1490 E
351 1437 580 1490 xtricare
621 1456 774 1490 suam
812 1437 938 1490 dum
978 1440 1242 1507 quaerunt
1278 1438 1471 1508 uitam,

269 1582 311 1638 S
353 1585 621 1638 ubornant
660 1584 779 1637 aliis
820 1602 883 1637 ex
923 1602 980 1637 se
1019 1585 1119 1637 sub
1157 1586 1415 1653 mysteria
1454 1586 1663 1639 falsum.

263 1657 303 1710 I
347 1658 785 1712 ndissimulantes
825 1658 1070 1711 concussi
1108 1659 1326 1711 numine
1365 1660 1596 1728 quodam

267 1730 325 1784 M
349 1732 734 1801 aiestatemque
774 1734 976 1784 canunt
1015 1734 1068 1783 et
1107 1749 1162 1783 se
1203 1732 1301 1785 sub
1340 1733 1514 1802 figura
1550 1734 1803 1804 fatigant.
1881 1746 1906 1787 5

266 1803 318 1856 V
350 1805 524 1858 idistis
566 1823 724 1874 saepe
765 1805 903 1858 dites
941 1804 1216 1874 moechm,
1256 1806 1403 1874 quali
1439 1807 1653 1876 fragore

268 1877 315 1930 L
354 1880 571 1932 uxurias
610 1879 821 1946 ineunt,
860 1878 987 1931 dum
1023 1879 1193 1932 furias
1232 1879 1433 1949 fingere
1473 1883 1760 1950 quaerunt,

265 1950 322 2004 A
353 1956 413 2005 ut
452 1970 573 2005 cum
613 1953 771 2006 dorsa
810 1971 907 2005 sua
945 1952 1173 2005 allidunt
1210 1970 1373 2021 parca
1411 1953 1663 2022 bipenne:

269 2024 311 2079 G
345 2045 436 2078 um
468 2026 764 2079 doctrinam
796 2044 948 2078 suam
980 2031 1223 2094 seruant,
1261 2027 1387 2094 quid
1418 2044 1640 2095 corpore
1673 2028 1908 2080 sanant?

268 2097 322 2151 R
346 2099 580 2168 espicite‚
620 2099 874 2168 quoniam
911 2099 1199 2151 nonnullos
1236 2100 1452 2152 numine
1493 2103 1714 2169 cogunt,
1854 2114 1907 2153 10

268 2171 302 2225 I
345 2173 430 2241 psi
470 2174 562 2242 qui
601 2191 655 2226 se
693 2173 927 2242 primum
967 2176 1297 2240 componunt
1335 2173 1546 2242 integra
1585 2177 1787 2242 mente3

264 2243 310 2298 S
351 2247 415 2298 ed
455 2247 649 2316 stipem
689 2249 749 2299 ut
785 2246 982 2299 tollant
1018 2245 1236 2315 ingenia
1273 2246 1404 2298 talia
1442 2250 1722 2315 quaerunt.

262 2392 314 2447 E
348 2413 383 2446 x
422 2411 484 2447 eo
524 2394 722 2462 uidete,
761 2394 1017 2464 quoniam
1058 2395 1183 2446 sunt
1221 2393 1400 2446 omm'a
1438 2394 1579 2447 ficta.

263 2464 314 2519 θ
347 2467 635 2520 humbrant
671 2467 931 2537 populum
971 2466 1266 2536 supplicem
1304 2467 1528 2535 perituri
1564 2485 1633 2520 ne
1674 2466 1906 2520 credant.

263 2539 322 2593 R
354 2558 410 2593 es
450 2542 614 2592 semel
652 2541 710 2593 in
749 2559 890 2594 uano
930 2541 994 2593 de
1032 2543 1299 2593 uetustate
1337 2541 1612 2608 processit,
1855 2551 1907 2590 15

266 2613 319 2666 U
350 2617 374 2666 t
412 2613 732 2667 uaticinanti
772 2614 1016 2667 credatur
1054 2613 1254 2682 prodiit
1292 2613 1451 2682 falsa,

267 2686 325 2740 M
350 2687 544 2740 aiestas
586 2691 763 2740 autem
801 2687 1019 2740 illorum
1058 2686 1206 2738 nulla
1244 2686 1424 2739 locuta
1457 2690 1551 2739 est.
