2010 3220
567 222 1073 268 INSTRUCTIONUM
1104 225 1214 269 LIB.
1248 227 1280 270 Ι.
1680 228 1743 279 11

846 413 1012 461 XVIII.

329 531 428 586 DE
469 529 886 585 AMMUDATE
927 532 1022 585 ET
1061 533 1208 588 DEO
1249 533 1527 590 MAGNO.

27 716 29 718 -
107 679 162 733 l)
194 680 389 733 iximus
429 679 539 732 iam
577 679 749 732 multa
789 679 852 732 de
892 681 1271 749 superstitione
1309 682 1544 736 nefanda

25 764 28 768 '
112 753 159 807 E
193 757 218 807 t
255 756 437 807 tamen
475 754 828 823 exsequimur,
867 771 934 806 ne
974 753 1102 824 quid
1139 755 1457 823 praeterisse
1497 756 1748 811 dicamur.

19 990 27 1021 r·
103 972 155 1027 A
185 973 621 1043 mmudatemque
661 991 816 1026 suum
855 973 1087 1026 cultores
1127 991 1274 1027 more
1315 975 1586 1044 colebant3

17 1026 37 1059 ζ

17 1063 37 1113 ξ

16 1181 28 1217 2

16 1394 28 1423 Ξ

0 1509 28 1615 *5

15 1861 28 2067 πυι-«η--ττπ-νε
15 1820 27 1852 v·-
15 1726 27 1812 ›rw-*vr
21 1701 26 1713 a
18 1639 28 1667 1<-
16 1611 26 1627 .·.
20 1499 22 1506 ἡ
17 1434 31 1487 μιν·
17 1384 20 1394 -

104 1047 163 1101 Μ
186 1065 358 1118 agnus
398 1049 515 1101 erat
551 1046 682 1115 illis,
723 1046 938 1115 quando
978 1046 1083 1100 fuit
1122 1066 1312 1101 aurum
1349 1049 1407 1101 in
1447 1049 1598 1119 aede,

17 1138 29 1178 ς
103 1121 162 1174 Μ
183 1122 418 1175 ittebant
457 1120 635 1190 capita
674 1121 774 1173 sub
812 1120 1030 1173 numine
1070 1121 1224 1190 quasi
1262 1123 1543 1191 praesenti.
1718 1137 1746 1177 5

105 1194 157 1248 U
190 1198 374 1248 entum
415 1197 496 1248 est
533 1194 601 1247 ad
642 1212 924 1262 summum,
963 1195 1023 1247 ut
1050 1192 1249 1248 Caesar
1286 1195 1500 1248 tolleret
1539 1215 1744 1266 aurum,

102 1266 155 1320 Ι)
190 1267 347 1322 efecit
383 1285 604 1321 numen:
646 1270 741 1320 aut
779 1267 922 1338 fugit
960 1269 1054 1320 aut
1090 1268 1290 1321 transit
1328 1268 1386 1321 in
1423 1269 1619 1339 ignem.

104 1339 154 1394 A
185 1345 337 1395 uetor
367 1341 525 1395 huius
559 1342 771 1395 sceleris
803 1343 1039 1410 constat,
1079 1341 1172 1410 qui
1202 1340 1473 1395 formabat
1505 1344 1747 1397 eundem.

106 1414 154 1468 Τ
183 1418 241 1468 ot
278 1416 425 1469 uiros
467 1418 520 1468 et
558 1433 787 1486 magnos
828 1415 1034 1468 seducit
1070 1414 1208 1468 falsa
1245 1416 1596 1485 prophetam,

102 1488 150 1542 E
184 1492 209 1542 t
246 1488 405 1542 modo
445 1489 661 1543 reticuit
700 1489 792 1559 qui
831 1488 1044 1554 solebat
1081 1506 1198 1542 esse
1238 1488 1463 1542 diuinus,
1691 1505 1743 1544 10

102 1707 150 1762 E
187 1709 474 1779 rumpebat
512 1708 656 1762 enim
697 1709 847 1763 uenis
888 1709 1043 1779 quasi
1080 1712 1260 1762 mente
1299 1712 1524 1777 mutata,

104 1781 153 1835 Τ
189 1801 423 1852 anquam
461 1782 540 1835 illi
580 1781 709 1836 deus
748 1783 884 1853 ligni
922 1783 1229 1852 loqueretur
1266 1784 1324 1835 in
1363 1801 1558 1836 aurem.

101 2001 154 2055 l)
187 2003 312 2056 ieite
350 2020 494 2055 nune
531 2002 661 2071 ipsi,
700 2003 746 2055 si
785 2019 894 2055 non
934 2002 1045 2055 sint
1080 2002 1305 2055 numina
1342 2002 1518 2055 falsa?

101 2075 149 2129 E
185 2095 217 2128 x
257 2095 319 2130 eo
359 2076 605 2146 prodigio
647 2078 778 2145 quot
814 2075 1048 2145 perdidit
1084 2066 1175 2129 ille
1213 2075 1514 2145 propheta?

102 2147 147 2203 0
179 2150 344 2203 blitus
385 2153 468 2203 est
504 2150 606 2203 iste
645 2149 991 2219 prophetare,
1031 2149 1123 2220 qui
1163 2153 1286 2202 ante
1327 2151 1548 2203 solebat.
1691 2164 1742 2203 15

101 2370 159 2424 M
183 2373 369 2424 onstra
408 2370 540 2423 adeo
580 2370 686 2423 ista
726 2370 852 2423 ficta
892 2372 1018 2423 sunt
1054 2387 1149 2438 per
1187 2370 1543 2436 uiniuoraeeS‚

101 2441 154 2496 A
188 2444 379 2498 udaoia
419 2461 647 2514 quorum
686 2443 1008 2496 damnabilis
1047 2443 1269 2496 numina
1306 2442 1477 2513 fingit.

103 2513 156 2570 G
186 2518 412 2571 estaban
478 2517 649 2586 enim,
688 2520 741 2570 et
780 2516 921 2570 aruit
958 2517 1065 2569 tale
1106 2516 1364 2586 sigillum:

105 2589 152 2642 N
192 2609 279 2643 am
320 2594 374 2644 et
431 2608 526 2660 pse
567 2590 711 2659 silet,
749 2607 846 2644 nee
885 2590 1024 2643 ullus
1066 2589 1129 2642 de
1168 2590 1261 2643 illo
1302 2589 1590 2659 prophetat

104 2660 148 2717 0
181 2665 389 2733 mnin03
432 2663 524 2718 sed
562 2682 660 2718 uos
699 2664 846 2733 ipsos
886 2663 1170 2733 deperdere
1211 2663 1389 2716 uultis.
1686 2677 1742 2716 20
