2032 3220
235 159 322 204 XII
870 155 1231 200 PRAEFATIO.

238 298 358 332 cum
404 279 462 331 in
506 278 573 331 iis
625 277 754 330 solis
801 277 934 330 haec
984 277 1225 330 recensio
1278 275 1571 330 constituta
1621 276 1714 344 sit,
1766 293 1877 328 non

237 353 472 405 alienum
521 369 637 404 esse
684 351 917 404 arbitror
965 350 1264 404 accuratius
1304 349 1490 403 dicere.
1567 349 1723 401 Isa‘ber
1758 349 1876 402 Lei-

235 427 405 478 densis
455 424 605 494 (bibl.
646 442 686 477 S.
724 442 776 477 n.
816 422 911 494 39)
964 423 1277 477 chartaceus
1325 423 1524 476 saeculi
1568 422 1679 475 fere
1716 421 1877 476 XVII

236 499 470 551 ineuntis
509 516 620 551 non
659 498 774 550 sine
814 497 1095 566 diligentia
1132 497 1462 566 perscriptus
1504 499 1608 564 est,
1647 514 1775 548 nam
1813 496 1876 548 11-

237 573 448 624 brarius
496 574 828 624 correcturas
876 571 1075 623 multas
1124 570 1321 624 codicis
1377 570 1652 639 archetypi
1698 587 1879 638 super-

235 646 360 698 litas
399 646 486 698 uel
525 645 580 696 in
619 645 862 714 margine
899 645 1168 713 repositas
1202 644 1419 712 addidit,
1458 661 1592 713 quae
1623 643 1682 696 in
1701 643 1758 696 ’Β
1793 643 1878 696 de-

239 722 387 787 sunt3
443 718 507 772 cf.
552 718 808 771 moechus
851 718 905 783 1,
933 712 1023 787 10,
1049 718 1106 783 6,
1152 718 1376 771 moecha
1419 719 1464 786 1,
1494 718 1660 786 12,6,
1703 717 1877 770 uacho

237 790 499 862 (Baccho)
529 793 574 860 1,
595 792 677 860 12,
699 792 780 861 10,
811 792 1025 860 periuro
1056 793 1101 860 1,
1123 792 1205 859 19,
1223 792 1256 843 3
1282 794 1405 859 etc.;
1431 791 1618 844 deinde
1642 791 1708 843 iis
1731 790 1880 859 locis,

236 866 429 934 quibus
478 866 675 918 codicis
723 865 1060 918 describendi
1106 865 1362 917 lectiones
1408 882 1520 918 non
1567 867 1880 934 agnouerat,

234 939 479 1007 proxima
503 939 758 991 ductuum
784 939 1133 992 similitudine
1156 939 1445 991 uerborum
1468 939 1557 991 uel
1579 938 1880 991 litterarum

237 1013 470 1064 formam
502 1012 800 1081 descripsit.
856 1010 999 1074 Quin
1037 1013 1094 1064 in
1132 1012 1307 1065 medio
1347 1030 1507 1064 uersu
1544 1012 1724 1080 ipsum
1763 1030 1880 1080 spa-

238 1086 376 1138 tium
407 1086 577 1155 uerbi,
618 1086 759 1155 quod
790 1086 850 1138 in
882 1086 1174 1155 exemplari
1205 1086 1399 1155 opinor
1429 1086 1536 1138 iam
1570 1087 1879 1155 euanuerat,

236 1159 442 1212 duobus
473 1161 561 1212 uel
598 1160 771 1212 tribus
803 1160 937 1212 locis
969 1160 1154 1212 eadem
1185 1161 1378 1212 lacuna
1409 1159 1688 1212 indicauit.
1742 1159 1881 1212 Iam-

238 1250 340 1301 que
395 1235 583 1286 nostra
637 1233 700 1285 de
754 1233 857 1285 fide
913 1251 975 1286 ac
1022 1233 1301 1303 diligentia
1351 1233 1563 1285 librarii
1613 1233 1882 1285 sententia

239 1306 589 1358 confirmatur
635 1307 915 1374 scripturis
962 1307 1281 1390 quibusdam
1320 1325 1572 1359 uersuum
1612 1307 1881 1375 finalibus,

238 1379 430 1447 quibus
462 1398 590 1432 usus
621 1380 728 1447 ille,
761 1399 1067 1449 quanquam
1099 1381 1340 1450 margine
1373 1381 1592 1433 minime
1618 1381 1879 1433 coercitus

239 1455 374 1522 erat,
438 1454 757 1521 exemplaris
814 1454 1146 1507 describendi
1198 1454 1416 1544 modum
1477 1455 1719 1507 imitatus
1781 1457 1874 1507 est.

239 1524 554 1594 Speciminis
594 1527 713 1580 loco
752 1546 897 1596 pono
937 1528 1094 1580 haec:

651 1642 693 1685 A
1241 1657 1353 1688 uera
1383 1643 1523 1688 lectio

651 1729 762 1760 auro
1165 1747 1169 1750 <

241 1778 286 1845 1,
325 1777 412 1848 21,
456 1778 483 1828 1
599 1778 658 1829 in
1013 1778 1071 1829 in
1112 1795 1256 1830 auro,

601 1876 782 1919 semper

243 1924 287 1991 1,
328 1923 414 1992 34,
458 1923 524 1976 19
603 1924 785 1976 uiuere
1025 1924 1206 1976 uiuere
1248 1941 1457 1992 semper

624 2008 674 2052 in
705 2011 812 2053 ante

238 2069 287 2136 2,
327 2068 375 2137 5,
418 2069 448 2121 7
602 2069 881 2138 delinquas
1026 2070 1302 2138 delinquas
1342 2069 1398 2121 in
1439 2072 1563 2122 ante

621 2154 798 2211 ingruit

236 2215 286 2283 2,
325 2215 374 2284 9,
418 2216 445 2266 1
597 2215 773 2268 hostis
1019 2216 1226 2285 ingruit
1263 2217 1436 2270 hostis

599 2299 694 2345 illis

236 2361 286 2430 2,
326 2360 377 2430 9,
415 2361 449 2413 3
602 2362 668 2414 ab
1027 2362 1095 2414 ab
1133 2362 1242 2416 illis

237 2507 286 2572 2,
326 2507 412 2575 30,
456 2507 525 2559 14
599 2447 823 2577 τὲἓῗιίἠή
1017 2510 1106 2562 ille
1146 2511 1381 2580 requirit.

240 2623 343 2676 Sed
388 2624 458 2693 is,
506 2625 597 2693 qui
643 2625 840 2677 librum
889 2626 1192 2696 descripsit,
1239 2628 1463 2680 obscuro
1505 2626 1876 2681 Commodiani

239 2714 483 2750 sermone
529 2698 817 2766 impeditus
871 2699 1084 2752 uidetur
1135 2700 1321 2769 fuisse,
1377 2701 1661 2770 quominus
1709 2703 1877 2754 uerba

238 2771 558 2839 exemplaris
607 2773 688 2823 sui
736 2773 915 2824 omnia
962 2776 1107 2826 recte
1146 2773 1483 2842 intellegeret
1522 2793 1584 2828 ac
1623 2775 1876 2828 rescribe-
