2032 3220
285 231 481 276 XXVIII
918 227 1279 273 PRAEFATIO.

440 349 530 418 10)
571 351 855 417 Neptunus,
897 377 964 386 ——
1005 366 1055 400 ιι.
1094 348 1143 399 2.
1197 348 1326 414 66966
1362 346 1481 414 ΑΒ,
1530 347 1665 414 96666
1702 345 1817 398 edd.
1856 376 1928 384 -—

288 443 338 477 u.
378 426 426 477 3.
479 424 642 475 Patet
666 440 766 475 esse
803 422 986 474 deum!
1040 419 1293 473 Gumatile
1338 421 1418 472 illi
1459 419 1678 487 parate!
1729 419 1930 473 retinui

290 497 438 550 codd.
487 497 798 563 lectionem,
850 495 956 547 nisi
1009 493 1150 562 quod
1203 494 1441 545 cumatile
1491 510 1589 561 pro
1639 492 1928 545 cumatilem

292 570 497 639 scripsi,
536 569 687 622 Patet
724 586 823 621 6336
860 569 1008 620 deum
1046 567 1338 619 cumatilem
1374 567 1465 619 illc
1493 570 1692 634 paratu
1731 565 1847 618 edd.
1857 596 1930 603 -—-

293 706 343 740 ιι.
386 688 434 740 5.
496 686 863 739 caementarius
903 638 1443 753 6661,ἔέ666666666666663
1480 683 1555 751 A,
1599 683 1932 737 cimentarius

293 759 356 813 B.
418 790 480 796 —
539 778 589 812 ιι.
629 759 676 812 6.
738 758 888 872 Nol?
910 757 1140 811 moechus
1188 762 1234 810 et
1282 757 1425 825 ipse?
1487 725 1555 810 cf?
1600 775 1739 810 uarr.
1787 757 1933 838 lectt.

693 843 811 873 7726080
841 842 896 873 us

297 896 342 960 1,
371 893 417 959 7,
442 891 499 958 93
554 907 658 944 66066
696 890 909 943 markus
946 894 994 943 et
1028 891 1134 957 61636
1179 889 1253 957 A,
1307 906 1411 941 66066
1449 887 1662 941 markus
1699 906 1738 941 e.
1775 889 1811 941 i
1858 887 1930 957 B3

293 983 390 1033 pro
440 964 670 1017 moechus
717 963 838 1033 Rig.
885 963 1069 1016 Maius
1115 964 1275 1031 6οιιί.,
1335 962 1567 1030 Μα966663
1614 960 1787 1031 Oehl.,
1842 930 1934 1031 qui

293 1040 418 1106 post
466 1035 634 1106 ‘ipse'
684 1054 796 1089 non
843 1036 1190 1105 interpunxit.
1268 1036 1414 1088 Num
1458 1036 1691 1102 Mayuus
1735 1039 1784 1087 et
1825 1036 1934 1105 61036

303 1111 482 1164 Viuere
520 1113 642 1163 cett.
683 1110 812 1163 olim
854 1108 1005 1164 Oehl.
1042 1110 1262 1180 legerat.
1306 1140 1368 1146 —-
1419 1110 1546 1176 quid
1582 1107 1756 1175 Oehl.,
1803 1109 1940 1176 966οᾶ

293 1183 390 1236 ΑΒ
430 1184 549 1253 Rig.
601 1213 673 1220 -
725 1187 1039 1235 structuram
1079 1183 1282 1250 yerebat
1324 1181 1390 1251 L,
1443 1186 1702 1235 structura
1742 1199 1795 1249 9.
1836 1181 1934 1234 AB
2014 1220 2028 1228 .

292 1256 429 1326 Rig„
468 1260 727 1309 structura
764 1256 1019 1309 merebat?
1061 1256 1209 1309 Oehl.

447 1328 538 1400 11)
585 1329 771 1396 Apollo
817 1330 1081 1398 sortileyus
1133 1330 1315 1395 falsus.
1369 1359 1442 1366 —
1497 1348 1546 1380 ιι.
1590 1330 1635 1381 1.
1697 1327 1934 1381 citharae

296 1403 473 1456 deum:
512 1403 750 1471 cytharae
787 1403 834 1454 d.
874 1401 987 1471 AB,
1025 1403 1370 1456 citharoedum
1410 1402 1523 1455 edd.
1555 1432 1615 1438 -—
1646 1421 1693 1453 ιι.
1718 1402 1768 1454 2.
1805 1419 1935 1455 moe-

295 1477 389 1530 cha
426 1476 485 1544 L,
523 1475 586 1528 cf.
625 1494 766 1528 uarr.
796 1475 940 1528 lectt.
973 1480 1015 1546 l,
1043 1477 1088 1543 7,
1115 1476 1164 1544 9,
1202 1475 1410 1545 marhia
1447 1474 1561 1542 AB,
1599 1475 1758 1527 Maia
1794 1474 1934 1545 Rig.‚

296 1550 500 1617 Mayna
538 1548 687 1602 Oehl.
732 1579 795 1585 —
837 1568 886 1602 u.
905 1550 954 1602 3.
992 1554 1305 1603 structuram
1342 1553 1537 1602 secutus
1573 1547 1634 1616 L,
1673 1548 1738 1601 cf.
1771 1565 1937 1617 opera

297 1623 536 1692 maligna
575 1624 857 1691 sequentes
892 1621 1067 1676 Carm.
1090 1621 1245 1691 Apol.
1275 1623 1394 1690 182,
1434 1622 1655 1690 antiqua
1680 1625 1935 1691 sequatur
2030 1629 2032 1633 ⁴

297 1695 424 1748 ibid.
465 1695 588 1764 530,
627 1713 816 1764 azyma
855 1696 1096 1764 sequitur
1137 1696 1261 1764 689,
1301 1699 1355 1747 et
1392 1695 1548 1747 indic.
1591 1695 1772 1747 uerbb.
1813 1713 1853 1747 3.
1885 1713 1936 1748 ιι.

301 1811 530 1882 sequi'·
570 1783 856 1866 structili&
893 1817 1091 1866 secutus
1128 1813 1200 1881 A,
1238 1817 1498 1865 structura
1535 1829 1574 1865 3.
1613 1811 1683 1879 Β,
1720 1815 1939 1865 structor

302 1886 557 1938 obsecutus
596 1885 710 1938 edd.
739 1917 803 1924 —
845 1906 896 1939 ιι.
923 1887 968 1938 7.
1004 1886 1213 1952 fallitur
1249 1887 1338 1952 9666
1379 1884 1532 1938 Oehl.
1571 1885 1628 1939 in
1667 1884 1801 1952 adn„
1837 1885 1938 1951 fal-

304 1959 528 2042 liturque
565 1958 686 2028 Rig.
730 1990 794 1998 —
836 1979 888 2013 ιι.
914 1960 961 2013 8.
999 1959 1221 2012 uerberis
1258 1959 1309 2011 A
1348 1960 1404 2011 in
1442 1961 1588 2027 text,
1625 1958 1858 2012 uerbenis
1886 1959 1938 2011 A

300 2032 358 2083 in
396 2050 490 2099 m.,
529 2030 599 2099 B,
644 2034 871 2086 6666666663
909 2031 1129 2084 66161-
1170 2033 1298 2086 scire
1336 2032 1531 2084 bzcorcle
1568 2032 1635 2084 A.
1675 2062 1744 2068 —-
1799 2050 1849 2084 ιι.
1888 2032 1938 2084 9.

300 2105 436 2156 6666666
475 2102 572 2155 AB
613 2104 899 2174 6ι1ᾶ.,666666
938 2103 1087 2158 Oehl.
1126 2105 1183 2156 in
1222 2104 1341 2157 adn.
1385 2134 1447 2141 —
1491 2123 1540 2156 ιι.
1585 2104 1667 2156 10.
1727 2104 1942 2157 Το666666

302 2176 417 2228 edd.
457 2194 520 2228 ex
560 2181 859 2231 correctura
889 2177 1131 2248 Rigaltii,
1171 2178 1260 2245 qui
1299 2178 1356 2230 in
1393 2179 1545 2230 textu
1584 2178 1767 2230 terruit
1789 2175 1936 2247 (AB)

302 2249 438 2301 edid.
489 2278 552 2287 —
602 2268 651 2302 ιι.
695 2251 759 2303 11
789 2269 902 2321 sqq.
963 2251 1070 2304 Ille
1109 2253 1257 2319 prior
1303 2254 1411 2302 tum
1451 2248 1532 2319 (tu
1569 2247 1690 2321 AB)
1728 2251 1819 2318 9666
1856 2252 1936 2304 cle-

301 2323 478 2374 6666606
514 2323 660 2376 deam
707 2322 878 2394 (deum
915 2323 1013 2376 AB
1053 2322 1191 2391 cdd.)
1230 2325 1487 2378 amauisse
1526 2321 1761 2393 (amause
1798 2321 1938 2393 ΑΒ),

301 2395 771 2463 Lasciuientemque
829 2396 1052 2464 Daphen
1113 2394 1411 2467 (Daphnem
1466 2395 1590 2466 AB)
1650 2398 1724 2450 sic
1784 2398 1942 2465 6061666

301 2484 478 2520 amare
529 2468 610 2521 Et
656 2486 832 2523 amens
886 2468 1081 2539 (666666666
1126 2469 1223 2523 ΑΒ
1270 2468 1410 2541 edd.)
1463 2471 1761 2537 insequitur,
1814 2472 1940 2523 dum

303 2538 434 2609 (666666
472 2539 545 2611 Α)
582 2542 698 2595 uult
732 2544 929 2596 uiolare
957 2543 1189 2611 puellam
1229 2540 1376 2613 (AB)
1415 2542 1472 2596 L.
1535 2541 1709 2596 Locus
1749 2543 1936 2596 obscu-

302 2631 394 2666 rus
444 2614 520 2667 sic
568 2615 915 2683 explicandus
963 2617 1197 2669 uidetur:
1251 2616 1366 2683 ille,
1421 2617 1511 2684 qui
1557 2616 1775 2684 repulsa
1824 2616 1939 2669 lata

302 2687 611 2756 priusquam
660 2688 726 2740 ad
773 2689 1038 2758 uirginem
1077 2690 1358 2742 mortalem
1400 2689 1743 2742 descenderet
1782 2689 1937 2742 deam
1982 2746 1985 2748 ,

303 2759 531 2812 debebat
589 2762 860 2831 amplecti,
915 2761 1183 2830 Daphnen
1231 2762 1305 2815 sic
1353 2760 1447 2831 (sc.
1498 2761 1832 2833 repudiatus)
1884 2765 1938 2814 et

305 2850 482 2884 amare
522 2834 698 2903 coepit
737 2837 790 2886 et
830 2853 1012 2887 amens
1052 2837 1323 2888 insecutus
1357 2839 1439 2888 est
1469 2838 1589 2903 666,
1627 2835 1743 2888 Illa
1770 2836 1938 2903 prior,
