2032 3220
776 248 1141 295 PRAEFATIO.
1676 249 1786 295 XIII

143 375 247 442 ret,
309 375 371 425 ut
432 369 745 441 apographo
798 367 1044 422 Parisino
1098 369 1415 422 Leidensem
1467 370 1784 438 plerumque

140 449 538 530 postponerem.
612 443 849 496 Litterae
896 443 918 496 i
955 446 1011 496 et
1046 460 1073 496 e
1109 443 1168 496 in
1216 461 1258 497 c.
1298 442 1549 496 Leidensi
1589 444 1785 511 saepis-

145 520 278 574 sime
332 520 472 572 inter
526 536 583 571 se
638 519 1022 585 commutatae,
1076 535 1195 570 cum
1250 517 1566 570 mendorum
1616 533 1785 586 genus

142 593 283 646 idem
322 593 379 645 in
411 591 458 645 B
490 590 933 661 deprehendatur,
972 591 1263 660 exemplari
1300 590 1510 643 librarii
1546 590 1787 643 tribuen-

143 667 242 719 dae
282 668 423 734 sunt,
462 665 556 718 sed
594 682 630 717 a
665 682 1057 734 nonnunquam
1094 682 1194 732 pro
1233 681 1259 718 s
1310 664 1568 732 scriptum
1619 664 1788 733 ipsius

142 739 353 793 librarii
405 741 640 808 peccato.
715 736 798 791 Ac
842 755 910 790 ne
961 737 1088 807 quid
1134 738 1194 790 in
1244 738 1592 791 describendo
1645 737 1787 791 libro

143 813 388 867 omisisse
434 812 641 881 uidear,
678 814 1029 864 [correcturae
1077 812 1366 881 superlitae
1412 812 1500 864 uel
1545 811 1604 863 in
1651 829 1788 863 mar-

144 888 271 958 gine
312 886 623 940 'adnotatae
687 884 872 938 eadem
925 903 1090 937 manu
1146 885 1378 954 scriptae
1434 887 1589 954 sunt,
1651 903 1789 954 quae

144 960 443 1013 carminum
481 962 689 1011 textum
728 959 979 1011 exaravit.
1011 988 1079 996 —
1111 958 1361 1012 Alterum
1402 958 1791 1029 apographum,

145 1033 287 1104 quod
333 1034 392 1086 in
446 1033 665 1091 edendis
719 1032 1171 1086 Instructionibus
1220 1032 1463 1102 adhibui,
1518 1034 1600 1085 est
1643 1031 1792 1085 Pari-

145 1108 322 1160 sinum
379 1105 504 1176 (No.
546 1106 693 1160 8304
731 1105 861 1158 Mss,
899 1105 1041 1160 Latt.
1082 1106 1215 1159 bibl.
1254 1104 1440 1177 max),
1496 1123 1632 1159 saec.
1676 1106 1791 1158 fere
1842 1107 1845 1109 ’

144 1179 277 1234 XVI
332 1180 655 1253 confectum3
711 1197 817 1249 quo
869 1180 1034 1244 libro,
1088 1198 1210 1234 cum
1262 1180 1503 1233 carmina
1542 1177 1791 1232 Commo-

145 1253 293 1307 diani
346 1254 516 1307 multo
572 1253 872 1307 accuratius
928 1253 1131 1323 scripta
1185 1272 1348 1323 quam
1386 1253 1439 1306 A
1491 1254 1790 1322 praeberet,

145 1328 278 1381 duce
331 1328 411 1381 ita
465 1345 594 1381 usus
649 1345 791 1396 sum,
844 1329 906 1379 ut
957 1328 1295 1398 plerumque,
1348 1327 1454 1380 nisi
1504 1326 1792 1380 manifesta

146 1402 427 1456 obstarent
471 1400 687 1471 menda,
735 1402 904 1454 altero
952 1402 1092 1455 libro
1140 1403 1480 1471 repugnante
1532 1401 1790 1454 lectiones

144 1475 304 1528 huius
354 1474 550 1529 codicis
600 1475 940 1544 praeferrem.
1016 1475 1197 1545 Atque
1249 1475 1494 1544 exempla
1538 1493 1793 1528 uersuum

145 1567 346 1619 magna
391 1567 513 1601 cum
561 1548 840 1618 diligentia
891 1549 1214 1617 scriptorum
1264 1549 1526 1602 habemus
1576 1548 1793 1602 eosdem

144 1623 315 1687 locOS,
364 1623 557 1691 quibus
605 1623 827 1675 lacunae
874 1623 931 1675 in
973 1622 1025 1675 A
1073 1641 1284 1693 quoque
1330 1623 1597 1676 indicatae
1642 1640 1792 1691 repe-

147 1697 386 1765 riuntur3
449 1696 790 1765 reperiuntur
849 1699 1128 1764 praeterea
1182 1697 1382 1750 similes
1436 1697 1524 1749 uel
1578 1696 1795 1749 eaedem

147 1770 444 1838 scripturae
494 1788 749 1823 uersuum
796 1770 1005 1836 finaleS,
1061 1789 1197 1840 quae
1237 1770 1556 1840 exemplaris
1597 1770 1794 1823 descri-

145 1844 312 1897 bendi
348 1843 602 1896 uidentur
638 1843 819 1896 fuisse.
897 1843 984 1896 cf.:

622 1958 658 2001 B
1180 1973 1294 2004 uera
1324 1958 1464 2004 lectio

563 2031 724 2076 inante

147 2093 198 2163 2,
236 2093 287 2162 5,
328 2094 357 2145 7
510 2092 789 2162 delinquas
1058 2093 1336 2162 delinquas
1374 2093 1560 2148 inante

148 2241 199 2306 2,
239 2241 289 2310 9,
328 2240 361 2293 3
511 2178 606 2291 ἓξ
1058 2240 1125 2293 ab
1165 2241 1273 2294 illis

151 2386 202 2455 2,
240 2386 328 2454 26,
367 2386 400 2439 9
515 2337 689 2439 ΙΠΟὲἓε
1055 2387 1303 2441 lucernae

152 2533 202 2601 2,
242 2531 329 2601 29,
371 2531 439 2584 12
517 2550 549 2584 a
586 2471 668 2586 ilios
1059 2553 1091 2586 a
1130 2535 1285 2590 uobis

154 2677 203 2746 2,
243 2677 328 2746 30,
369 2679 402 2731 6
516 2619 603 2731 glqr
1060 2685 1245 2735 auctor

154 2792 436 2847 Lectiones
485 2799 665 2849 autem
712 2797 986 2851 Parisinas
1036 2799 1176 2853 libro
1222 2798 1470 2853 Leidensi
1520 2802 1792 2868 praestare

157 2885 220 2919 ex
257 2867 390 2921 locis
429 2867 513 2922 his
554 2871 801 2924 celeriter
841 2873 1240 2927 occurrentibus
1281 2890 1596 2943 cognosces:
