2010 3220
612 211 1115 259 INSTRUCTIONUM
1146 214 1259 259 LIB.
1290 215 1348 259 11.
1712 215 1781 266 41

148 333 210 388 X
245 375 1734 387 .....................

148 405 200 460 Y
230 406 507 460 mnificato
547 405 710 460 choro
749 406 1053 477 placitoque
1093 405 1309 461 Christo
1349 408 1580 477 placete,

151 479 192 533 Z
230 480 434 534 elantes
471 479 660 533 fauore
699 477 916 533 Christo
955 479 1139 533 offerte
1178 480 1409 534 odorem.

148 638 192 682 ῙῙ
226 644 280 684 19
314 639 351 683 Ο
924 639 1022 684 XX.
1645 645 1699 685 61
1732 641 1787 686 R·

322 675 372 770 ns
370 712 451 767 IN
488 711 846 768 EchEsIA
885 712 1071 768 OMNI
1107 714 1386 769 POPULo
1424 715 1567 769 DEI.

150 815 184 870 I
235 819 388 869 ustus
428 833 528 887 ego
568 835 680 870 non
720 835 860 886 sum,
898 817 1116 887 fratres,
1155 818 1218 870 de
1257 818 1437 871 cloaca
1474 818 1706 886 leuatuS,

151 889 196 943 N
232 907 291 943 ec
328 907 414 942 me
455 891 771 959 supertollo,
811 890 905 944 sed
944 890 1096 944 doleo
1135 891 1323 959 uestri,
1361 891 1451 960 qui
1491 908 1646 944 cerno
1752 921 1754 925 ·

150 1034 198 1089 Ε
232 1055 266 1088 x
304 1038 458 1089 tanto
482 1037 696 1105 *populo
737 1037 946 1090 nullum
984 1037 1043 1089 in
1082 1053 1256 1107 agone
1296 1037 1556 1090 coronari.

154 1107 194 1162 C
233 1112 345 1162 erte
385 1109 432 1162 si
468 1127 580 1162 non
616 1110 731 1179 ipse
769 1113 999 1180 pugnat,
1036 1110 1123 1163 uel
1164 1113 1420 1180 suggerat
1456 1110 1581 1163 illis.

153 1180 194 1235 G
231 1182 408 1235 ladem
447 1182 752 1252 obiurgate,
791 1187 1017 1236 ouantes
1057 1183 1252 1236 efficite
1288 1183 1452 1235 lucta!
1759 1196 1786 1236 5

150 1253 197 1308 L
233 1256 424 1308 aborat
461 1255 629 1308 frater
666 1257 986 1309 aduersante
1025 1257 1226 1310 mundo
1267 1257 1366 1309 sub
1405 1257 1590 1324 armis,

151 1327 198 1382 E
232 1331 257 1381 t
293 1328 468 1382 fartus
509 1329 700 1398 opibus
739 1347 838 1383 nec
875 1346 1086 1400 pugnas
1118 1347 1216 1383 nec
1245 1329 1513 1399 pugnanti
1544 1328 1791 1382 resistis?

155 1399 194 1455 S
233 1402 371 1455 tulte
409 1420 519 1455 non
556 1403 792 1456 intendis
830 1421 999 1456 unum
1036 1403 1239 1456 bellare
1277 1420 1374 1471 pro
1414 1401 1636 1455 multis?

150 1474 185 1527 I
228 1493 266 1527 n
303 1475 469 1528 talem
506 1476 693 1545 pendit
730 1476 975 1530 Ecclesia
1011 1478 1152 1545 tota,
1191 1476 1237 1529 si
1273 1476 1473 1529 uincat.

150 1546 202 1601 A
231 1549 470 1602 bstinere
508 1549 658 1603 uides
697 1549 920 1603 fratrem
959 1552 1015 1602 et
1049 1567 1291 1620 pugnare
1331 1566 1451 1602 cum
1488 1548 1658 1602 hoste.
1736 1561 1792 1602 10

152 1691 196 1747 0
232 1694 385 1747 bstas
423 1698 485 1748 tu
523 1696 581 1749 in
620 1696 810 1749 castris
850 1713 1064 1766 pacem,
1100 1695 1245 1749 foras
1284 1695 1377 1748 ille
1415 1697 1705 1765 repugnat:

150 1766 483 1822 Misericors
524 1771 662 1838 esto,
700 1771 762 1822 ut
798 1769 935 1822 fiant
973 1787 1037 1821 ea
1075 1768 1257 1822 omnia
1295 1769 1462 1821 salua.

151 1838 199 1892 N
240 1858 298 1893 ec
336 1841 504 1894 intuis
542 1841 841 1895 Dominum
880 1842 1168 1910 praeconio
1207 1843 1360 1895 tanto
1400 1841 1687 1909 clamante,

155 1912 190 1965 I
235 1913 448 1967 nimicis
488 1915 652 1968 etiam
690 1915 783 1984 qui
820 1915 972 1968 iubet
1010 1914 1270 1967 alimenta
1306 1915 1600 1983 praebere?

155 2057 206 2112 P
236 2060 428 2114 randia
466 2060 534 2114 ab
574 2078 636 2114 eo
674 2061 924 2130 prospice
963 2061 1177 2130 diurna,
1215 2062 1306 2130 qui
1345 2078 1553 2129 semper
1739 2071 1793 2111 15

155 2132 199 2188 0
235 2134 450 2187 mnibus
490 2135 710 2188 omnino
752 2134 939 2189 diebus
978 2152 1100 2187 cum
1137 2134 1389 2205 pauperis
1429 2133 1672 2203 sumpsit.

152 2206 203 2260 P
235 2225 414 2260 ascere
453 2210 515 2260 tu
554 2208 786 2278 quaeris,
827 2208 1013 2276 stulte,
1053 2208 1146 2277 qui
1184 2210 1238 2260 te
1277 2207 1449 2259 denuo
1487 2208 1690 2275 pascat.

153 2279 205 2334 U
235 2281 281 2333 is
320 2280 411 2333 ille
450 2280 585 2333 mihi
622 2284 802 2351 paret,
841 2282 932 2351 qui
971 2281 1221 2349 componi
1258 2278 1549 2348 proponit?

152 2352 199 2406 L
235 2356 357 2407 aute
398 2353 632 2407 cibatum
672 2354 906 2408 distento
945 2357 1132 2411 uentre
1172 2353 1454 2406 declamas.

158 2424 203 2480 0
239 2444 496 2496 ppressus
534 2427 774 2497 inopiam
812 2427 997 2480 fratris
1035 2426 1187 2479 iuxta
1224 2426 1490 2479 tabesces!
1736 2435 1792 2475 20
1883 2477 1887 2480 .

155 2571 208 2626 l)
239 2590 267 2626 e
306 2572 391 2626 die
428 2571 713 2627 Dominica
752 2573 879 2644 quid
918 2571 1090 2626 dicis?
1129 2571 1175 2625 si
1213 2589 1325 2625 non
1365 2573 1488 2624 ante
1526 2567 1763 2635 uacauit,

153 2644 201 2699 E
236 2663 271 2698 x
296 2652 391 2700 sua
416 2646 538 2699 sede
554 2646 715 2700 turba
730 2663 1035 2716 pauperem,
1059 2662 1216 2715 quem
1233 2644 1300 2697 ad
1316 2642 1598 2713 prandium
1614 2640 1791 2692 ducas·

155 2717 191 2772 1
235 2737 274 2772 n
312 2719 512 2774 tabulis
552 2737 674 2789 spes
714 2722 796 2773 est
834 2722 1014 2772 uestra
1052 2718 1116 2771 de
1156 2715 1370 2771 Christo
1409 2715 1621 2769 refect0.

274 2839 346 2891 20,
380 2839 457 2880 14·
462 2834 625 2880 Pron.
650 2838 723 2888 25,
748 2838 819 2879 21.
866 2834 1000 2879 Rom.
1029 2837 1098 2890 12,
1132 2836 1202 2877 20.
1234 2855 1292 2865 —
1323 2835 1401 2877 23·
1430 2827 1596 2874 Matth.
1623 2830 1693 2882 26,
1718 2829 1791 2872 35.
