2010 3220
774 187 1137 235 PRAEFATIO.
1625 188 1772 238 LXXI

277 308 348 378 Π,
379 310 467 364 26.
504 308 813 364 Ιὶθοέοηῖκιε.
841 339 905 348 --
948 327 998 363 ιι.
1021 311 1069 363 1.
1108 313 1310 363 tantum
1346 310 1446 363 AB
1470 310 1599 379 edd„
1639 310 1770 365 ‘for-

135 386 281 438 tasse
321 385 526 437 twndem
562 381 956 452 reponendum'
1003 382 1155 437 Oehl.
1193 384 1253 436 in
1290 402 1482 437 comm.
1524 414 1588 422 —
1630 403 1681 438 u.
1719 385 1770 439 5.

130 459 280 511 iuxta
325 456 448 525 AB,
499 458 638 511 iusta
682 456 798 509 edd.
845 486 916 494 —
965 475 1065 526 pro
1109 457 1367 510 malorum
1409 456 1547 510 Dau.
1585 457 1769 528 (iusta)

118 531 288 599 malis
325 531 461 584 coni.
506 560 571 568 —
611 548 663 582 u.
680 530 730 583 6.
767 529 984 584 humiles
1006 529 1119 599 AB,
1157 531 1350 585 similes
1387 530 1503 584 edd.
1541 561 1615 569 —
1652 534 1768 586 u.7.

131 623 231 674 pro
276 604 539 672 ayrestina
584 603 734 657 Oehl.
780 604 839 656 in
877 622 1067 658 comm.
1105 606 1326 673 aqrestia
1363 605 1659 674 proposuit.
1699 635 1767 644 —

131 707 402 774 benefactis
439 706 577 776 edd„
626 706 914 774 bemfaetus
951 706 1025 776 A,
1078 682 1362 774 bmfaetics
1398 707 1463 761 A.
1509 737 1582 747 -
1628 727 1679 760 u.
1719 708 1768 762 8.

127 798 228 851 pro
263 780 433 847 feritis
468 781 527 834 in
558 779 739 834 adnot.
770 780 1113 862 Rigssferetur
1149 782 1369 852 legitu13
1408 780 1472 834 de
1509 782 1769 850 producta

128 869 465 938 paenultima
505 867 790 951 feritisdcf.
838 869 987 923 eritis
1030 870 1077 937 1,
1116 870 1165 938 6,
1204 869 1254 922 3.
1306 900 1368 907 —
1426 888 1477 922 ιι.
1516 870 1565 923 9.
1618 870 1769 936 flores

18 1028 31 1036 ‚
130 971 260 1040 edd„
297 973 425 1039 flore
460 971 575 1025 AB.
615 1002 684 1011 —
725 973 958 1026 lucernae
995 973 1125 1039 edd„
1164 954 1388 1026 lueerm
1403 971 1514 1025 AB.

0 1187 1 1191 Ν
273 1103 342 1173 11,
358 1104 446 1158 27.
483 1105 766 1158 Ministris.
811 1136 874 1142 -
917 1123 966 1157 u.
998 1105 1047 1158 3.
1087 1106 1256 1159 ludere
1294 1104 1424 1174 edd,
1462 1044 1629 1173 ιηὲἕῖ
1652 1102 1766 1158 AB.

0 1205 27 1252 ἷ-
132 1236 377 1353 anssffi
437 1254 615 1291 susum
655 1215 800 1305 edd„
862 1237 930 1290 cf.
968 1238 1019 1306 2,
1057 1237 1144 1305 35,
1186 1238 1277 1308 143
1336 1176 1664 1290 ffiffissnum
1702 1237 1766 1306 A,

124 1373 172 1422 et
205 1367 480 1423 usum1B.
520 1400 589 1409 —
628 1389 679 1423 ιι.
704 1371 753 1423 6.
796 1370 927 1424 Tota
963 1368 1078 1438 AB,
1117 1373 1228 1423 tuta
1265 1369 1381 1423 edd.
1424 1398 1488 1406 —-
1528 1369 1651 1422 illae
1686 1386 1766 1422 sa·

124 1488 216 1526 era
251 1470 311 1542 L,
348 1473 530 1526 illaesa
566 1489 717 1526 saera
756 1472 828 1542 A,
866 1446 1019 1527 illesa
1054 1489 1205 1527 saera
1244 1471 1315 1542 B,
1351 1489 1502 1526 saera
1539 1471 1654 1525 edd.
1693 1502 1764 1508 —

126 1564 176 1599 ιι.
218 1546 265 1599 7.
310 1546 430 1599 inde
464 1547 630 1600 uersis
667 1546 727 1615 L,
764 1547 824 1599 iri
853 1547 1073 1600 diwsis
1110 1545 1227 1615 AB,
1265 1548 1324 1600 in
1360 1547 1593 1600 aduersis
1628 1545 1767 1600 Dau.

129 1617 282 1674 Oehl.
335 1648 406 1656 ——
460 1621 576 1673 date
624 1618 748 1690 AB,
807 1621 933 1673 dare
978 1620 1094 1674 edd.
1150 1651 1211 1658 —
1265 1639 1316 1672 u.
1355 1619 1406 1673 9.
1466 1617 1666 1674 Christi
1703 1616 1765 1688 B,

127 1690 335 1747 Christo
375 1692 426 1746 A
465 1692 580 1746 edd.
620 1724 690 1731 —
721 1693 932 1761 probati
968 1692 1067 1747 AB
1107 1693 1246 1764 Rig,
1274 1695 1458 1761 parati
1496 1692 1647 1746 Oehl.

270 1795 340 1864 Π,
363 1796 449 1850 28.
489 1796 791 1850 Pastoribus
826 1795 946 1850 Dei.
988 1826 1053 1834 -
1094 1814 1146 1849 ιι.
1169 1796 1218 1850 3.
1256 1798 1484 1850 remittat
1505 1796 1602 1849 AB
1626 1796 1764 1868 Rig,

16 1843 18 1845 ι
123 1869 344 1932 remittet
364 1869 518 1923 Oehl.
562 1899 623 1906 —-
667 1888 718 1922 u.
741 1869 792 1922 5.
825 1870 1030 1936 faciant
1049 1867 1164 1938 AB,
1198 1869 1366 1935 faeiat
1401 1869 1515 1922 edd.
1539 1900 1609 1907 -
1633 1888 1763 1937 quae

125 1941 255 2011 edd.,
292 1943 383 2010 qui
421 1941 537 1996 AB.
579 1972 641 2005 ,-
685 1961 735 1995 ιι.
769 1943 818 1999 9.
855 1961 918 1996 ue
954 1942 1016 1996 Β.
1060 1973 1122 1981 -
1165 1946 1382 1996 miserae
1420 1942 1551 2009 edd„
1588 1945 1765 1997 miseri

126 2014 240 2069 AB.
284 2046 347 2053 —
385 2016 520 2083 forte
541 2014 657 2085 AB,
692 2016 862 2082 fronte
884 2016 998 2071 edd.
1029 2046 1103 2056 —
1139 2017 1356 2070 uacillat
1393 2016 1522 2085 edd„
1558 2017 1766 2070 necillat

124 2088 239 2142 AB.
283 2119 349 2143 —-.
395 2109 445 2143 u.
489 2090 570 2143 10.
614 2106 748 2157 pene
784 2088 896 2144 AB.
941 2121 1003 2128 —
1054 2109 1103 2143 u.
1146 2091 1229 2143 11.
1274 2093 1400 2159 post
1439 2089 1672 2143 ‘autem'
1711 2107 1763 2143 se

126 2162 331 2216 addidit
367 2162 635 2217 Roensch.
674 2195 746 2202 —
784 2184 835 2218 ιι.
878 2164 962 2217 12.
1014 2163 1374 2217 exhilarantur
1412 2163 1525 2217 edd.
1533 2205 1548 2232 ,
1592 2164 1763 2217 exala—

122 2239 274 2289 ratur
310 2235 425 2290 AB.
468 2267 532 2276 —-
574 2256 624 2290 u.
668 2238 751 2291 13.
787 2254 900 2306 spes
935 2241 985 2291 et
1018 2241 1093 2291 est
1127 2235 1241 2305 AB,
1278 2254 1390 2305 spes
1426 2241 1501 2291 est
1536 2237 1649 2291 edd.

268 2338 340 2409 Π,
362 2340 449 2394 29.
487 2340 784 2394 Maioribus
819 2340 961 2394 natis
996 2341 1121 2394 dict).
1147 2369 1215 2377 —
1255 2358 1306 2392 u.
1330 2340 1379 2393 2.
1416 2356 1609 2407 semper
1647 2339 1760 2409 AB,

12 2388 19 2438 s
123 2429 270 2480 saepe
306 2409 430 2467 eddss
461 2445 531 2451 —
570 2415 824 2468 monitam
860 2413 921 2483 L,
957 2415 1189 2467 monitur
1225 2412 1339 2481 AB,
1375 2416 1609 2466 monetur
1647 2412 1761 2466 edd.

129 2516 191 2524 -
233 2487 521 2541 damatam
555 2485 678 2557 AB,
718 2488 784 2542 ef.
812 2488 859 2558 1,
882 2487 970 2556 28,
997 2488 1088 2556 113
1126 2487 1214 2554 31,
1237 2487 1294 2556 23
1331 2487 1608 2540 detrectant
1644 2485 1760 2541 edd.

13 2602 21 2610 .
122 2589 195 2596 —-
241 2578 293 2614 u.
331 2560 381 2614 3.
434 2561 539 2614 solo
585 2559 707 2629 AB,
759 2561 926 2615 sobam
963 2559 1078 2612 edd.
1126 2590 1195 2598 ——
1245 2578 1294 2612 u.
1332 2560 1383 2612 4.
1432 2564 1659 2628 pausent
1693 2558 1759 2627 A,

14 2640 22 2736 .⁴
114 2634 341 2729 Ραῑίθὲηΐ
375 2662 439 2732 Β,
485 2667 717 2730 paueant
753 2663 867 2717 edd.
912 2693 974 2704 -
1007 2663 1318 2730 praecordia
1355 2662 1486 2731 edd„
1521 2678 1757 2730 praecor·

13 2741 22 2807 4ζ
122 2735 239 2788 dias
275 2734 391 2790 AB.
434 2765 496 2774 —
540 2740 689 2790 tanta
732 2741 996 2791 oratorwm
1044 2736 1112 2805 L,
1157 2740 1489 2800 tantogtorem
1525 2734 1598 2801 A,
1645 2740 1757 2786 tan-

13 2811 21 2850 ὲ
123 2811 216 2861 tor.
245 2825 264 2862 n
292 2813 452 2863 torem
489 2808 551 2879 B,
591 2814 887 2864 tentatorem
924 2810 1038 2865 edd.
1068 2841 1130 2849 —
1159 2827 1209 2862 u.
1233 2810 1281 2863 5.
1320 2812 1515 2864 ueritas
1551 2806 1596 2859 B
1628 2807 1758 2875 edd„
