2010 3220
239 196 318 240 xi,
789 174 794 178 ’
874 194 1234 239 ΡΒΑΕΕΑΤΙΟ.

242 318 304 366 ut
341 314 748 383 inscriptionem
789 311 1046 383 (eredunt)
1089 313 1435 383 corrigerem,
1495 319 1694 368 eueuter
1731 318 1874 370 euim

238 387 350 440 AB
386 459 481 531 26)
532 461 981 528 Repuyuautibus
1002 461 1248 513 aduersus
1295 460 1478 527 Legem
1525 460 1725 515 Christi
1768 462 1873 516 Dei

237 534 366 586 uiui.
407 564 476 572 —
517 553 565 586 ιι.
589 536 635 587 1.
672 533 893 616 Respicis
930 524 981 583 Β
1001 532 1132 600 edd„
1169 533 1377 600 respicis
1399 533 1465 585 A.
1508 564 1572 571 -—
1615 553 1663 586 ιι.
1685 535 1731 587 7.
1770 553 1874 603 pro

238 611 282 659 ie
319 608 537 660 reddunt
573 606 692 675 Rig.
732 607 788 658 in
828 605 947 658 adn.
987 606 1241 658 terrebunt
1278 606 1415 659 coni.
1452 637 1525 644 —-
1564 626 1613 659 ιι.
1653 608 1701 660 9.
1758 609 1876 662 istie
1984 640 1991 645 ·

237 679 286 731 A
312 679 424 732 edd.
466 710 534 717 —
576 680 762 732 laetam
800 678 930 747 edd.,
971 679 1157 731 laetum
1190 678 1303 731 AB.
1346 709 1413 716 —
1453 699 1502 732 ιι.
1525 680 1606 732 10.
1645 682 1872 735 iniurias

235 752 279 804 B
308 753 436 817 edd„
475 754 533 804 iri
570 754 747 805 inuias
783 752 848 806 A.
886 783 960 789 —
997 753 1244 804 diurnum
1267 750 1384 820 AB,
1423 756 1627 805 tuorum
1666 754 1780 806 edd.
1803 785 1866 792 -

222 845 283 878 ιι.
319 827 401 878 11.
454 826 679 891 infanda
715 825 790 892 B,
841 826 1091 891 infandae
1129 825 1242 878 edd.
1287 855 1349 862 —-
1391 844 1442 876 ιι.
1485 825 1568 877 13.
1622 827 1722 880 luis
1759 826 1875 895 AB,

237 899 367 951 leues
412 898 547 968 Rig,
602 900 729 951 leuis
772 898 908 951 Dan.
950 897 1098 951 Oehl.
1144 928 1217 935 —
1263 917 1313 950 ιι.
1357 897 1440 950 15.
1493 899 1781 952 desueuitur
1818 901 1871 953 A

234 973 534 1039 (destruitur
570 972 697 1024 ibid.
736 972 792 1024 in
830 970 938 1041 m.,)
977 972 1258 1024 deseruitur
1280 969 1344 1039 B,
1381 972 1629 1024 deseritur
1668 973 1781 1026 edd.
1799 1003 1867 1011 —

233 1064 283 1096 ιι.
315 1045 395 1097 16.
435 1045 606 1098 Breui
644 1044 703 1113 L,
742 1045 913 1098 breues
950 1043 1015 1111 A,
1055 1044 1200 1097 breue
1237 1044 1299 1113 B,
1338 1045 1484 1098 uitiis
1523 1042 1585 1115 (Σ)
1626 1046 1762 1114 edd.3
1805 1046 1873 1098 de

234 1118 280 1170 Β
322 1121 375 1170 et
412 1117 463 1170 V
510 1118 707 1171 litteris
753 1119 893 1170 inker
934 1135 990 1170 se
1030 1117 1372 1170 commutatis
1411 1117 1477 1170 cf.
1509 1113 1871 1188 Schuchardt,

231 1177 570 1244 Vocalismiis
611 1191 702 1243 des
741 1190 1081 1260 Vulgaerlat.
1119 1190 1146 1242 I
1184 1209 1235 1259 p.
1278 1191 1397 1243 131.
1458 1189 1541 1243 III
1578 1210 1627 1259 p.
1670 1193 1754 1244 67.
1796 1223 1870 1230 —-

233 1265 441 1332 Zaiiyues
479 1263 647 1333 Oehl.,
686 1265 891 1332 lauyuis
928 1263 1026 1316 AB
1054 1263 1174 1333 Rig.
1218 1294 1279 1300 ——
1322 1282 1371 1315 ιι.
1393 1265 1475 1316 17.
1516 1266 1730 1318 moralis
1753 1264 1872 1334 ΑΒ,

234 1338 464 1391 mortalis
503 1337 640 1406 edd.;
677 1339 844 1390 iiitam
880 1338 959 1390 uti
987 1338 1155 1390 uitrea
1184 1338 1296 1390 uita
1326 1337 1600 1391 mortales?
1640 1337 1790 1391 Oehl.
1815 1339 1870 1390 in

1543 1409 1759 1453 inritum²

232 1469 348 1521 adn.
393 1489 455 1506 -⁶
497 1487 547 1521 ιι.
576 1469 658 1521 18.
695 1470 914 1521 inritum
955 1468 1085 1537 edd„
1123 1469 1379 1522 iuruitum
1416 1467 1483 1538 A,
1520 1470 1776 1522 inruitum
1806 1469 1872 1522 B.

236 1572 297 1580 -—-
341 1561 390 1594 ιι.
437 1542 517 1594 19.
571 1560 668 1610 pro
709 1542 822 1595 dolo
860 1541 997 1595 Dan.
1036 1542 1171 1594 coni.
1210 1543 1398 1611 dolore3
1436 1542 1572 1595 dolio
1611 1542 1760 1595 Oehl.
1801 1542 1869 1595 ad

228 1615 269 1682 Ι,
295 1615 381 1683 29,
410 1615 492 1668 18.
522 1645 583 1652 -
612 1634 662 1667 ιι.
678 1615 762 1668 2Ο.
786 1615 1023 1668 uolebant
1044 1614 1173 1683 edd,
1196 1615 1398 1667 uolebas
1422 1614 1488 1682 A,
1510 1616 1710 1668 uolebat
1725 1615 1867 1667 B.—

220 1688 442 1756 paruuli
459 1687 572 1740 edd.
595 1718 655 1726 —
678 1706 727 1739 ιι.
738 1688 825 1740 21.
851 1687 990 1741 Sunt
1011 1686 1174 1755 Oehl.,
1196 1689 1284 1740 sed
1297 1687 1394 1739 AB
1410 1687 1608 1756 Rig.—
1623 1705 1873 1742 senescere

231 1760 360 1829 edd„
398 1780 449 1816 ee
471 1761 660 1814 nescire
697 1759 762 1829 A,
799 1760 835 1826 f
852 1778 903 1814 ee
932 1761 1123 1814 nescire
1152 1729 1213 1812 Β.
1252 1791 1325 1797 —-
1364 1761 1586 1814 laetitias
1624 1760 1683 1829 L,
1723 1762 1864 1814 laeti-

230 1835 329 1886 tior
373 1832 445 1902 A,
501 1834 716 1886 laetitios
760 1833 806 1885 B
847 1833 961 1887 edd.
1006 1836 1218 1902 praeter
1263 1833 1412 1887 Oehl.
1402 1875 1434 1902 .,
1489 1835 1579 1903 qui
1627 1835 1869 1901 laetificos

237 1951 465 2018 scripsit.
514 1980 583 1988 —
631 1951 737 2003 dies
781 1950 828 2002 Β
868 1950 997 2019 edd„
1049 1954 1156 2005 dies
1192 1950 1257 2003 A.
1309 1981 1371 1988 —
1419 1951 1722 2018 perfruique
1766 1952 1872 2018 ipsi

229 2024 496 2090 parabant
532 2023 646 2076 edd.
655 2024 914 2090 ,perfrui
949 1992 1074 2090 quia
1110 2026 1221 2090 ipso
1260 2022 1356 2094 (A,
1394 2024 1501 2090 ipse
1538 2022 1609 2092 B)
1638 2025 1871 2091 parabat

234 2094 348 2148 ΑΒ.
395 2122 465 2130 -
513 2115 563 2148 ιι.
603 2065 688 2148 23.
742 2097 1034 2163 reponimus
1080 2096 1209 2162 edd„
1261 2113 1368 2149 rem
1395 2097 1605 2163 primus
1643 2095 1863 2150 AB.—

229 2170 412 2222 moudo
451 2168 515 2220 A.
557 2198 622 2205 —
665 2187 715 2221 u.
754 2169 843 2221 24.
884 2168 1053 2222 Gens!
1090 2174 1138 2222 et
1175 2168 1324 2222 Oehl.
1364 2199 1432 2206 —-
1473 2188 1523 2221 ιι.
1563 2169 1649 2221 25.
1689 2187 1869 2222 earam

1252 2252 1258 2258 '
1481 2253 1639 2284 ueram

227 2299 297 2368 L,
350 2316 529 2352 ueram
568 2299 697 2364 edd„
751 2317 923 2352 eoram
959 2301 1017 2352 in
1055 2320 1126 2353 m.
1164 2301 1326 2355 solam
1365 2300 1430 2368 A,
1482 2317 1654 2353 eoram
1691 2300 1752 2352 Β.
1798 2331 1862 2339 -

228 2373 381 2425 ιι.27.
420 2374 658 2425 animum
695 2372 741 2424 B
769 2373 900 2442 edd,
937 2375 1143 2427 animas
1180 2374 1244 2426 A.
1279 2403 1342 2411 —
1386 2392 1436 2425 u.
1453 2374 1539 2426 28.
1579 2378 1730 2426 autor
1751 2372 1867 2426 ΑΒ.

234 2476 295 2482 —
340 2464 389 2497 ιι.
407 2446 492 2498 30.
530 2446 611 2498 die
649 2445 699 2497 A
739 2446 869 2515 edd,
907 2447 1017 2499 dieo
1055 2447 1104 2499 A
1142 2447 1201 2499 in
1238 2465 1322 2514 m.,
1360 2445 1422 2498 B.
1462 2476 1531 2483 ——
1572 2447 1726 2500 u.31.
1765 2448 1867 2500 ela·

230 2519 396 2570 mauit
453 2517 599 2570 Piizra
650 2516 827 2587 spicil.
865 2519 892 2572 Ι
929 2539 980 2588 p.
1020 2520 1145 2572 543.
1199 2550 1269 2557 —
1325 2538 1373 2572 ιι.
1413 2520 1499 2572 33.
1560 2521 1698 2572 uiuit
1734 2520 1867 2588 edd„

227 2592 368 2644 uiuet
403 2590 517 2643 AB.
558 2622 627 2629 —-
667 2610 716 2643 ιι.
736 2592 820 2644 34.
860 2593 1068 2646 delicias
1105 2592 1150 2644 B
1175 2592 1306 2660 edd„
1344 2593 1540 2646 deliciis
1562 2592 1625 2644 A.
1662 2623 1724 2630 --
1768 2594 1869 2645 erit

225 2666 275 2715 A
314 2665 371 2716 in
409 2683 492 2732 m.,
531 2663 577 2715 B
617 2664 749 2732 edd,
789 2669 861 2718 est
897 2665 961 2717 A.
1004 2695 1066 2703 —
1110 2666 1202 2718 sub
1241 2670 1436 2718 tartaro
1476 2664 1624 2718 Oehl.
1656 2666 1713 2717 in
1745 2665 1873 2718 adn.»

228 2766 296 2775 -
338 2756 387 2789 u.
413 2738 498 2790 37.
537 2738 677 2790 uiuit
718 2737 847 2806 edd„
884 2739 1028 2791 uiuet
1063 2737 1176 2792 AB.
1208 2769 1277 2776 —
1318 2757 1367 2790 ιι.
1391 2738 1478 2791 38.
1517 2739 1698 2791 reddat
1734 2737 1864 2807 edd,

225 2811 406 2863 reddas
445 2809 555 2862 ΑΒ.
