2010 3220
219 205 295 258 40
848 205 1241 251 COMMODIANI

222 323 275 378 l)
311 343 369 377 as
407 325 510 378 tibi
549 325 880 378 momerium.
961 324 1273 379 Clarissima
1313 328 1581 396 quondam

223 397 271 451 E
306 398 584 451 xanimata
621 399 801 452 iacens
840 398 1088 467 precibus
1127 400 1409 454 uiduarum
1449 405 1626 455 erecta

225 470 259 524 I
305 489 344 523 n
383 471 559 529 dando
599 472 923 541 promeruit,
961 490 1074 525 non
1112 474 1396 542 comtibUS‚
1435 475 1556 528 inde
1595 476 1775 529 leuari.
1802 489 1863 530 20

226 616 276 669 V
309 635 368 670 os
408 621 687 671 matronae
725 618 899 671 bonae
938 619 1196 672 uanitatis
1235 620 1406 690 fugite
1445 621 1709 674 decorem:

222 690 257 743 I
302 709 340 743 n
379 691 606 744 feminas
646 691 897 761 congruit
935 693 1144 745 cultura
1181 693 1416 762 lupana‘?

222 763 273 816 V
304 764 468 818 incite
508 765 832 835 malignum,
871 765 1097 834 pudicae
1134 766 1366 819 feminae
1406 764 1630 838 Christi,

224 837 259 891 I
302 855 341 890 n
380 838 554 892 dando
595 838 812 892 diuitias
851 841 1061 892 uestras
1102 839 1366 892 ostendite
1404 842 1566 894 totas,

213 1055 258 1099 11
292 1059 345 1099 18
380 1054 431 1102 0.
909 1027 942 1086 *s
984 1056 1102 1102 XIX.
1266 1045 1295 1099 ’.ἃ
1718 1063 1774 1103 60
1806 1059 1862 1105 R.

831 1161 1015 1214 ITEM
1054 1160 1247 1215 IPSIS.

217 1291 269 1345 A
300 1292 391 1345 udi
429 1309 639 1360 uocem,
678 1309 813 1360 quae
851 1293 934 1345 uis
977 1291 1286 1346 Christiana
1324 1310 1556 1362 manere,

214 1365 265 1419 B
299 1368 450 1419 eatus
488 1365 687 1419 Paulus
727 1366 957 1433 qualiter
994 1368 1048 1417 te
1089 1366 1269 1418 ornari
1305 1368 1598 1435 praecepit,

218 1438 259 1493 G
299 1439 601 1508 aeliloquax
638 1438 769 1491 item
806 1438 1001 1492 Esaias
1043 1438 1228 1492 doctor
1267 1441 1321 1491 et
1359 1442 1568 1508 auctor3

215 1511 268 1566 I)
302 1515 563 1566 etestatur
601 1512 745 1564 enim
782 1513 1108 1581 prauitatem
1146 1511 1332 1564 mundi
1371 1515 1680 1581 sequentes:

216 1585 264 1640 E
300 1587 561 1654 xaltatae‚
600 1585 800 1654 inquit,
839 1585 1145 1638 ceciderunt
1181 1585 1322 1638 filiae
1364 1584 1508 1638 Sion.
1832 1599 1859 1640 5

216 1657 264 1712 F
299 1677 357 1712 as
396 1659 455 1711 in
492 1658 608 1712 Deo
648 1676 760 1711 non
799 1662 881 1711 est
921 1656 1281 1711 Christianam
1322 1658 1426 1711 coli
1463 1659 1688 1711 fidelem.

218 1729 268 1785 G
300 1733 452 1784 entili
490 1749 638 1784 more
678 1732 888 1800 quaeris
927 1731 1213 1800 procedere
1250 1730 1352 1783 Dei
1392 1731 1613 1784 sancta?

216 1805 275 1859 H
302 1824 360 1858 as
400 1805 502 1858 Dei
539 1823 830 1875 praecones
871 1804 1131 1857 damnant
1167 1805 1226 1856 in
1262 1803 1407 1874 Lege
1448 1805 1741 1858 clamantes

217 1878 252 1932 I
300 1879 509 1932 niustas
551 1895 666 1931 esse
706 1878 959 1947 feminaS‚
999 1895 1134 1948 quae
1175 1895 1231 1930 se
1270 1878 1455 1931 taliter
1493 1882 1702 1932 ornant.

213 1951 270 2005 K
297 1951 493 2020 apillos
533 1951 774 2020 inficitis,
813 1952 995 2004 oculos
1036 1951 1099 2003 de
1138 1950 1355 2021 nigrore
1391 1952 1583 2020 linitis,
1802 1965 1860 2005 10
1947 1988 1950 1991 ι

214 2023 260 2077 L
297 2025 477 2078 unatis
517 2025 753 2078 comulas
792 2025 1122 2093 granulatim
1158 2023 1336 2077 fronte
1376 2025 1613 2092 depictas
1622 2066 1636 2092 ‚

214 2097 271 2151 Μ
300 2099 442 2150 alam
482 2097 757 2150 medicatis
798 2096 1029 2165 quodam
1069 2096 1388 2165 superducto
1428 2098 1644 2165 rubore,

217 2170 260 2224 N
301 2188 474 2223 ecnon
513 2173 567 2222 et
603 2170 816 2222 inaures
856 2169 1177 2239 grauissimo
1217 2170 1452 2238 pondere
1489 2170 1745 2239 pendent,

216 2241 260 2297 Ο
297 2243 491 2296 bruitis
530 2244 729 2297 collum
768 2243 1083 2311 monilibuS,
1122 2242 1348 2312 gemmis
1389 2245 1443 2295 et
1482 2261 1633 2313 auro,

217 2315 267 2370 P
301 2317 470 2369 almas
508 2315 625 2370 Deo
665 2316 857 2387 dignas
894 2316 1178 2386 praesagio
1217 2316 1360 2368 malo
1400 2316 1599 2385 ligatis.
1802 2327 1857 2368 15

216 2388 261 2460 Q
298 2389 390 2442 uid
427 2407 722 2442 memorem
759 2391 966 2443 uestem
1006 2391 1100 2442 aut
1137 2390 1310 2441 totam
1342 2387 1532 2441 Zabuli
1561 2388 1858 2458 pompam?

214 2461 269 2516 R
299 2463 524 2531 espuitis
562 2462 787 2532 Legem,
825 2480 947 2515 cum
985 2461 1153 2515 uultis
1191 2461 1388 2514 mundo
1429 2463 1661 2530 placere,

222 2533 260 2589 S
303 2535 484 2588 altatis
522 2536 581 2588 in
618 2534 866 2588 domibus
875 2577 890 2605 ‚
927 2553 1026 2604 pro
1065 2534 1288 2604 psalmis
1329 2535 1561 2588 cantatis
1602 2552 1826 2588 amores,

218 2607 267 2662 Τ
300 2627 335 2661 u
373 2609 502 2662 licet
534 2609 607 2661 sis
639 2611 809 2676 casta,
849 2626 959 2662 non
987 2610 1042 2660 te
1073 2625 1273 2677 purgas
1308 2608 1531 2661 sinistra
1562 2607 1859 2678 sequendo:

204 2680 270 2734 *U
303 2699 363 2734 os
404 2681 523 2734 ideo
563 2682 700 2734 tales
741 2678 987 2737 Christus
1027 2698 1143 2734 cum
1186 2681 1435 2749 gentibus
1476 2684 1684 2750 aequat.
1798 2693 1858 2733 20

330 2830 400 2881 19,
433 2831 481 2871 2:
517 2831 558 2872 1.
592 2824 711 2871 Tim.
744 2829 785 2881 2,
818 2829 858 2869 9.
922 2824 1014 2870 Tit.
1047 2829 1088 2880 2,
1121 2829 1161 2871 3.
1197 2850 1252 2858 -
1286 2829 1333 2869 5:
1365 2824 1440 2870 Es.
1474 2830 1518 2880 3,
1550 2829 1618 2870 16.
