2010 3220
249 187 441 232 LXXIV
884 185 1245 231 PRAEFATIO.

248 325 436 360 uersus
483 306 828 375 transposissis
874 305 1230 358 hemisiaichiis
1276 304 1665 374 posterioribus
1704 307 1887 376 Rigal-

249 380 357 433 tius
399 380 473 433 sic
513 379 698 432 edidit:

323 453 567 506 Germirie
603 453 823 507 zabolico
858 452 1036 519 facitis
1072 457 1132 505 ut
1167 451 1344 506 turbae
1371 457 1652 522 pronatae5

319 527 591 581 Extinctos
627 527 878 580 clamatis.
908 543 1012 593 qua
1036 525 1249 594 qratia?
1290 522 1505 664 (tqriatia,
1544 525 1670 652 Da?
1669 524 1885 637 '‘eoehl)

1334 616 1370 650 a
1390 615 1441 652 se
1482 616 1627 666 peris
1647 617 1688 652 i.

247 672 457 743 (peristi
494 673 559 726 D.
577 670 678 743 0..)
741 672 908 739 Quom
940 673 1170 739 qratiam
1203 672 1336 738 false
1363 673 1553 738 petisti.
1590 674 1887 728 Exstinctos
1991 646 2010 682 ’ἓ

245 748 497 811 clamatis,
534 750 594 798 ut
624 746 830 812 faciunt
866 746 1042 799 turbae
1079 744 1410 815 (gentilium)
1438 762 1539 812 pro
1576 748 1717 799 natis
1754 746 1887 801 Pitr.

250 818 390 889 Spic.
428 819 509 873 IV
546 839 597 889 p.
636 820 761 873 230.
805 850 868 857 -
910 838 961 872 11.
1005 819 1087 873 14.
1135 819 1304 872 dolore
1344 817 1475 887 edd„
1512 819 1733 872 dolorem
1771 819 1885 875 AB.

251 923 314 930 —
357 913 407 946 11.
452 895 534 946 17.
573 895 781 947 deuotus
819 893 949 961 edd„
987 893 1189 946 deuotos
1227 890 1340 944 AB.

391 995 460 1062 ΙΙ,
485 996 569 1049 33.
608 995 692 1049 De
703 1013 900 1063 pompa
920 996 1135 1062 funeris,
1171 1025 1234 1032 —
1276 1012 1327 1048 11.
1355 995 1400 1046 1.
1438 994 1666 1048 solicitus
1690 995 1802 1048 AB.
1814 1027 1883 1035 ——

242 1088 293 1121 11.
332 1070 382 1122 2.
419 1069 592 1122 Erras
629 1068 728 1121 AB
769 1070 900 1138 edd„
937 1085 1080 1122 error
1118 1067 1270 1121 Oehl.
1308 1068 1366 1121 in
1404 1085 1593 1121 comm.
1637 1099 1703 1109 ·-—-
1743 1073 1791 1122 et
1825 1071 1885 1123 in

243 1142 365 1207 AB,
411 1147 460 1195 et
496 1143 647 1195 omis.
687 1142 801 1195 edd.
851 1173 916 1180 —
965 1162 1016 1195 u.
1056 1142 1105 1195 6.
1151 1141 1430 1195 Prouerbio
1466 1143 1622 1206 nosti,
1660 1160 1789 1209 quae
1826 1143 1886 1212 L,

243 1215 523 1269 Prouerbio
560 1217 697 1269 nosti
726 1232 759 1282 Q
796 1214 910 1284 AB,
948 1215 1233 1268 Prouerbia
1268 1216 1431 1267 nosti:
1470 1211 1693 1284 (omisso
1732 1217 1883 1287 quae)

245 1289 382 1359 edd.3
420 1289 560 1342 forte
600 1307 628 1341 e
669 1289 935 1358 scriptura
965 1288 1254 1342 Prouerbia
1290 1305 1487 1341 nomen
1524 1288 1754 1342 feminae
1794 1307 1884 1343 cu-

244 1363 455 1415 iusdam
495 1363 787 1416 eruendum
826 1366 922 1416 esi.
963 1393 1034 1400 --
1083 1381 1132 1414 11.
1175 1363 1222 1414 7.
1271 1361 1426 1414 Addo
1463 1363 1546 1415 illi
1582 1363 1776 1416 similes
1811 1363 1884 1429 es-

240 1436 357 1502 fera
387 1441 550 1489 mente
577 1438 807 1489 uiuentes
829 1434 942 1505 AB,
980 1436 1123 1489 Adeo
1160 1436 1244 1488 illi
1279 1436 1472 1488 similes
1502 1440 1551 1488 et
1575 1435 1692 1501 fera
1720 1441 1883 1491 mente

241 1527 292 1562 u.
331 1509 461 1578 edd„
515 1510 606 1579 qui
644 1512 769 1578 post
805 1511 1036 1563 uiuentes
1072 1527 1183 1561 non
1221 1508 1594 1562 distinxeram.
1633 1540 1703 1547 —
1742 1528 1792 1562 u.
1833 1511 1881 1563 8.

237 1583 566 1650 faelieemque
603 1581 665 1636 B.
705 1613 775 1620 —
821 1601 871 1635 11.
915 1584 999 1636 10.
1050 1583 1196 1635 Num
1223 1583 1469 1649 prouides
1504 1581 1570 1651 L,
1623 1583 1748 1636 Non
1784 1585 1882 1636 im-

230 1658 474 1723 prouidis
496 1656 610 1726 AB,
649 1657 773 1708 Non
800 1657 1046 1724 prouides
1085 1655 1199 1708 edd.
1225 1684 1292 1692 ——-
1332 1672 1557 1722 quonam
1595 1656 1725 1726 edd„
1762 1674 1880 1724 quo-

239 1761 388 1812 niam
424 1758 538 1811 AB.
582 1789 644 1797 ——
687 1741 931 1812 meredris
967 1757 1013 1810 B
1039 1759 1170 1826 edd„
1207 1733 1453 1812 mergaris
1475 1757 1539 1811 A.
1583 1789 1646 1796 —
1688 1760 1764 1813 ire
1801 1761 1880 1813 de-

237 1832 447 1897 functus
484 1832 621 1900 edd„
668 1849 733 1885 rie
769 1832 1029 1898 defunctos
1066 1831 1179 1884 AB.
1223 1861 1287 1868 —
1341 1851 1391 1885 11.
1435 1833 1517 1885 11.
1567 1831 1728 1885 Eece:
1767 1833 1881 1886 Εέΐι

240 1905 352 1958 ΑΒ.
392 1935 461 1943 --
501 1924 551 1958 11.
595 1907 677 1959 12.
712 1923 942 1973 paenam
979 1904 1042 1958 B.
1085 1935 1147 1942 —
1197 1906 1267 1972 qd
1300 1905 1362 1958 B.
1407 1935 1471 1941 —
1514 1922 1710 1973 pompa
1749 1906 1878 1974 edd„

233 1996 400 2045 poena
438 1979 502 2048 A,
530 1996 707 2046 paena
743 1978 804 2031 Β.
842 2009 904 2016 -
948 1998 997 2032 11.
1026 1980 1110 2032 14.
1147 1980 1321 2046 uiyore
1359 1977 1473 2047 AB,
1522 1978 1707 2032 Ueioue
1743 1979 1878 2050 Rig„

239 2053 402 2105 nitore
440 2051 591 2104 Oehl.

385 2153 463 2222 II,
500 2154 586 2207 34.
641 2153 872 2207 Gleriois.
918 2183 979 2191 ——
1028 2172 1078 2206 11.
1122 2155 1167 2205 1.
1221 2153 1469 2222 Conyruit
1513 2153 1626 2206 edd.
1664 2155 1878 2222 praeter

240 2225 508 2295 Schurzfl„
548 2228 639 2296 qui
677 2245 741 2280 ex
771 2226 1000 2298 Rigaltii
1038 2227 1384 2280 adnotassione
1422 2232 1695 2296 oonqruent
1731 2245 1878 2296 repe-

238 2300 349 2370 tiit3
387 2305 624 2368 conyruet
659 2299 773 2353 AB.
817 2331 879 2338 —
919 2300 1250 2366 faelicissimo
1287 2299 1351 2353 B.
1391 2331 1460 2338 —-
1498 2320 1548 2353 11.
1565 2302 1614 2353 2.
1652 2305 1713 2353 ut
1733 2299 1792 2368 L,
1829 2305 1878 2353 et

1329 2372 1521 2416 sabbata
1675 2371 1839 2416 sabata

236 2430 335 2485 AB
375 2432 490 2484 edd.
534 2462 594 2469 —
637 2436 843 2499 sumpta
879 2431 999 2502 Rig.
1037 2432 1096 2484 in
1135 2431 1275 2501 adn.,
1319 2437 1523 2500 sumpta
1560 2432 1633 2502 A,
1670 2436 1876 2500 sumata

236 2505 308 2570 B,
355 2506 448 2558 sub
485 2510 602 2559 acta
637 2505 760 2575 Rig.
799 2506 856 2558 in
893 2508 1066 2574 texta,
1115 2505 1267 2558 Oehl.
1307 2535 1373 2543 -—
1427 2525 1477 2559 11.
1515 2506 1565 2558 4.
1615 2505 1872 2573 Respuis?

237 2596 301 2632 ne
347 2578 569 2647 (respues
614 2580 673 2631 de
710 2576 832 2650 AB)
877 2579 1009 2645 forte
1051 2596 1155 2646 qua
1202 2576 1321 2648 (quo
1365 2578 1487 2650 AB)
1534 2582 1874 2632 memorentur

236 2650 559 2721 (memorente
583 2649 704 2722 AB)
739 2651 1191 2720 Oeh1.,Respioite
1224 2652 1364 2717 fonte
1399 2670 1496 2720 quo
1534 2656 1874 2705 memorentur

237 2723 375 2795 Rig„
420 2725 672 2805 Respicite
707 2727 951 2791 quoniam
988 2742 1055 2777 m.
1094 2725 1235 2777 idem
1282 2726 1340 2777 in
1388 2727 1465 2779 ed.
1503 2744 1581 2795 pr.
1621 2725 1872 2777 ediderass.

243 2828 307 2834 —
356 2817 406 2850 11.
446 2797 495 2851 5.
548 2799 815 2852 immodico
859 2798 980 2868 Rig.
1021 2797 1100 2851 ed.
1138 2816 1215 2867 pr.
1266 2828 1327 2836 —
1386 2803 1586 2866 sumpto
1631 2798 1752 2867 AB,
1806 2797 1870 2851 cf.
