2010 3220
740 199 1098 246 PRAEFATIO.
1633 202 1737 247 LIX

94 324 303 392 fuqiaut
340 322 454 376 edd.
499 352 561 360 -
609 338 896 388 semperque
934 320 984 373 A
1023 319 1137 373 edd.
1146 360 1161 387 ,
1204 336 1397 387 semper
1434 323 1529 388 qui¹
1562 321 1623 373 Β.
1665 352 1733 359 -

17 459 25 468 3
91 416 142 450 ιι.
180 397 230 450 9.
266 396 494 462 ferinam
530 395 698 448 uitam
735 395 965 447 uiuentes
1003 392 1276 464 (iubentem
1315 393 1488 465 Oehl.)
1514 395 1573 463 L,
1610 396 1735 461 feri·

91 488 164 525 ua
200 471 314 523 uita
350 470 607 523 uiuentem
645 465 896 537 (uiuentes
918 465 1131 538 Kaelb.)
1172 465 1270 520 AB
1295 466 1417 537 Rig.
1457 498 1528 505 —-
1566 488 1615 521 u.
1645 470 1727 523 10.

17 548 29 619 3
91 544 257 598 alium
294 541 408 611 AB,
445 541 596 596 aliud
630 540 745 594 edd.
791 572 852 579 —
896 560 944 594 u.
988 542 1069 594 12.
1119 542 1183 594 in·
1212 540 1363 595 codd.
1403 559 1470 594 ne
1508 542 1731 595 initialis

17 625 27 679 {3
93 617 306 687 quidem
357 616 539 668 littera
592 632 730 668 uerS.
789 615 857 667 12
911 618 1015 683 est,
1084 632 1240 683 quem
1289 613 1439 667 Oehl.
1495 616 1570 668 sic
1624 615 1733 672 fere

20 686 24 692 ’
95 689 448 760 supplendum
495 689 727 742 censuit:
781 687 845 742 Si
888 705 992 741 riou
1036 688 1250 754 fuerunt
1284 688 1412 755 quid
1444 690 1515 741 sit
1551 689 1734 742 bellum-

23 813 26 816 .
97 765 304 833 experti.

24 892 28 896 ,
116 879 120 882 .
240 836 310 906 II,
352 837 435 891 11.
473 835 778 890 Desertor-es.
819 865 888 873 —-
928 855 979 888 ιι.
1021 835 1066 887 1.
1105 835 1348 888 dicuutur
1386 834 1516 903 edd„
1554 836 1732 888 dieunt

90 910 205 964 AB.
247 940 312 950 —·
354 929 406 963 ιι.
421 910 471 964 2.
501 914 653 977 parte
691 908 787 961 AB
827 907 966 979 Rig„
992 912 1172 976 partes
1210 908 1352 977 apud
1390 906 1639 962 Schurzfl.
1672 909 1731 961 in

15 999 32 1058 ἑ
93 985 354 1054 supplem.
392 984 753 1037 coniectatum
793 985 888 1035 est.
914 1012 983 1020 -——
1021 983 1206 1035 recedit
1242 981 1372 1050 edd„
1409 983 1607 1035 recedat
1629 981 1725 1034 AB

23 1095 28 1104 ‚
92 1058 216 1128 Rig.
255 1059 334 1112 ed.
372 1076 450 1126 pr.
490 1087 560 1095 —
599 1076 649 1110 u.
688 1057 738 1110 3.
791 1055 962 1109 tauien
998 1055 1070 1125 B,
1108 1060 1269 1109 temen
1306 1055 1371 1107 A.
1415 1086 1478 1092 —
1521 1060 1731 1123 utroque

17 1187 20 1193 .
92 1131 214 1201 AB,
257 1133 462 1199 utrique
500 1130 614 1183 edd.
659 1161 721 1167 —
764 1131 961 1183 iudicia
998 1129 1071 1197 A,
1125 1129 1322 1183 iudicia
1359 1129 1422 1182 B.
1468 1159 1532 1166 —
1569 1130 1730 1182 deeer-

17 1198 30 1271 }
90 1210 290 1259 mmtur
326 1205 424 1258 AB
466 1204 596 1274 edd„
635 1205 908 1258 decernunt
942 1202 1129 1255 Kaelb.
1170 1234 1239 1240 —
1278 1221 1330 1255 ιι.
1345 1203 1396 1254 4.
1434 1203 1564 1256 Ecce
1602 1202 1731 1271 edd„

16 1277 33 1338 141
90 1280 200 1333 Effe
237 1277 351 1332 AB.
410 1309 473 1316 —
525 1280 658 1332 sicut
692 1277 791 1330 AB
829 1276 968 1347 Rig,
1019 1277 1172 1330 sicuti
1222 1275 1371 1329 Oehl.
1431 1306 1492 1314 —
1541 1281 1733 1344 parent

21 1347 28 1406 's
91 1352 298 1421 Kaelb.,
325 1356 482 1421 paret
502 1351 617 1418 AB,
646 1356 866 1419 paretur
889 1350 1004 1404 edd.
1045 1380 1113 1388 —
1155 1368 1204 1404 u.
1232 1351 1279 1402 7.
1317 1350 1463 1403 euius
1489 1367 1526 1399 a
1550 1354 1599 1403 et
1620 1349 1737 1418 AB,

0 1447 30 1498 μς
91 1428 238 1480 cuius
274 1431 397 1480 suut
431 1430 481 1479 et
516 1425 629 1478 edd.
675 1455 737 1463 —-—
779 1428 960 1479 nostra
998 1423 1129 1492 edd„
1165 1432 1267 1476 ura
1303 1422 1373 1490 Β,
1419 1425 1528 1473 W
1559 1424 1622 1476 A.
1666 1453 1735 1461 —

93 1519 143 1552 u.
183 1500 233 1554 8.
285 1501 519 1568 repositis
564 1498 663 1552 AB
703 1498 818 1553 edd.
827 1541 841 1567 ,
891 1499 1142 1566 repositus
1180 1497 1266 1549 uel
1303 1497 1548 1564 repetitus
1586 1496 1737 1550 Oehl.

17 1564 37 1652 ff
94 1574 154 1626 in
191 1591 381 1627 comm.
426 1604 488 1612 —-
540 1574 807 1640 delinquas
847 1572 985 1641 edd„
1038 1571 1296 1638 delinques
1335 1569 1446 1622 AB.
1487 1601 1557 1608 —
1597 1589 1646 1623 u.
1687 1570 1738 1623 9.

24 1879 33 1913 ᾳ
90 1870 188 1921 pro
216 1821 428 1921 peedare
469 1851 579 1921 AB,
608 1796 817 1920 peczeyarre
857 1851 973 1903 edd.
1307 1792 1410 1843 W
1724 1817 1737 1843 ⁷

21 1942 24 1946 ’
240 1940 312 2009 ΙΙ,
355 1941 438 1993 12.
476 1940 740 1994 Militibus
779 1938 995 1993 Christi.
1038 1968 1101 1976 —
1145 1958 1195 1990 u.
1225 1939 1270 1990 1.
1306 1937 1487 2003 fraem
1526 1935 1640 1988 AB.
1668 1967 1731 1973 ——

23 2066 29 2086 ;
94 2033 144 2068 u.
184 2015 233 2066 2.
286 2031 429 2082 erqo:
475 2015 672 2067 dimitte
710 2012 830 2083 AB,
883 2029 999 2080 erqo
1037 2013 1290 2065 dimittere
1327 2009 1442 2063 edd.
1484 2039 1557 2047 —
1595 2029 1645 2062 ιι.
1685 2010 1734 2062 6.

24 2107 29 2125 -'
94 2088 213 2141 Illa
252 2087 419 2157 Oehl„
457 2088 563 2141 Ille
601 2087 646 2140 B
677 2087 797 2157 Rig.
838 2115 909 2123 --
947 2090 1149 2154 expecta
1187 2084 1232 2137 B
1258 2083 1387 2152 edd,
1426 2087 1631 2167 efcperta
1662 2085 1734 2166 Ἀ.

22 2202 32 2303 g
94 2191 164 2303 ᾗ
191 2162 427 2289 {melta
437 2159 1280 2302 ..fitedkssfitffiffztiffississ
1295 2161 1737 2283 ἕζῑὲῗὶἴω-Ἵῗΐὲἴ

23 2329 34 2399 ’,-
87 2309 349 2377 proposito
387 2307 485 2361 AB
510 2307 675 2375 Oehl„
707 2309 996 2375 praeposito
1028 2306 1149 2376 Rig.
1185 2334 1248 2344 ·-
1290 2305 1513 2372 quotidie
1550 2302 1733 2355 AB.—

21 2405 35 2466 3:
94 2383 246 2450 siqua
282 2383 445 2435 reuise
483 2381 615 2451 edd„
651 2383 856 2450 siqnare
891 2382 1011 2434 uisa
1048 2379 1124 2447 A,
1159 2380 1312 2447 siqua
1348 2369 1521 2431 reuisa
1560 2376 1623 2430 B.
1669 2407 1728 2413 —-

24 2474 37 2529 ᾗ,
97 2474 148 2508 u.
192 2457 272 2508 10.
326 2455 541 2523 ayouias
577 2473 720 2509 sume
747 2455 1071 2522 propinquas
1107 2453 1176 2521 L,
1231 2452 1301 2507 cf.
1339 2452 1581 2519 aqoniam
1619 2449 1731 2503 cod.

24 2540 35 2612 3
95 2527 232 2581 Med.
274 2526 450 2582 Carm.
489 2529 653 2599 Apol.
688 2529 818 2596 209,
873 2527 1015 2597 quod
1053 2530 1263 2580 mutare
1300 2543 1411 2578 non
1451 2523 1735 2590 debebam,

25 2623 38 2681 3
95 2604 277 2670 ayonis
315 2602 387 2672 A,
436 2603 627 2670 ayonia
663 2601 756 2670 B„
786 2618 981 2655 summe
1009 2601 1332 2668 propinqua-s
1372 2597 1493 2665 AB,
1546 2597 1731 2664 agonia

25 2710 37 2729 .-
96 2673 276 2745 (agoni
320 2674 493 2746 Oehl.)
537 2692 680 2729 sume
713 2676 1012 2743 propinqua
1055 2673 1176 2744 Rig.
1217 2703 1285 2711 -—
1336 2691 1386 2724 u.
1428 2671 1510 2723 12.
1564 2673 1731 2736 optato

25 2732 41 2810 ἶ
98 2747 196 2801 ΑΒ
239 2749 368 2816 edd.,
407 2750 479 2802 ad
516 2749 652 2803 latus
688 2748 876 2802 Kaelb.
913 2777 976 2786 —-
1011 2748 1221 2815 propter
1244 2744 1357 2813 AB,
1386 2746 1592 2812 praeter
1615 2741 1734 2810 Rig.

97 2822 156 2878 in
194 2823 314 2877 adn.
353 2852 424 2860 —-
462 2823 827 2876 dimicaturam
865 2819 922 2892 (i.
946 2839 989 2874 e.
1023 2815 1446 2885 dimicationem)
1486 2814 1583 2867 AB
1609 2813 1728 2883 Rig.
