2010 3220
216 170 319 214 LVI
432 150 435 151 ⁷
851 165 1211 212 PRAEFATIO.

214 307 355 344 scum
383 292 675 356 persectans
711 287 900 340 Kaelb.
939 318 1011 326 ——
1050 306 1099 339 u.
1125 287 1173 339 9.
1214 287 1344 340 lotus
1382 286 1512 355 edd„
1551 291 1700 341 uetus
1739 287 1855 342 AB.

220 394 283 401 —
324 363 473 416 semel
517 379 568 415 es
615 362 745 414 lotus
782 379 947 429 aqua:
1000 378 1128 414 num
1157 362 1349 427 poteris
1397 363 1516 414 cett.
1555 361 1708 414 Pii-‚ra
1745 362 1780 414 1.
1818 363 1857 415 1.

217 440 270 490 et
306 435 471 506 praef.
511 454 570 504 p,
599 435 745 487 XXI.

365 537 441 607 II,
484 538 529 590 7.
590 537 795 590 Fideles
832 540 1000 589 eauete
1036 536 1247 590 malum.
1290 567 1351 574 —
1406 557 1455 591 u,
1499 539 1544 591 1.
1597 537 1858 590 siluarum

219 613 402 666 bestiae
441 611 569 679 edd„
609 611 828 678 hylarion
861 610 997 664 testei
1034 609 1100 678 A,
1136 609 1362 677 hylarion
1400 611 1487 663 uel
1525 608 1678 678 sylar.
1720 611 1859 664 testei

215 685 276 738 B.
321 716 382 724 —
427 685 550 738 eibis
587 683 645 752 L,
685 683 779 736 sed
816 684 955 737 forte
993 683 1097 752 leg.
1135 683 1337 750 silphiis
1374 685 1461 737 uel
1497 682 1750 754 sil(i)quis
1781 715 1852 722 —-

212 760 362 812 siluis
401 757 497 810 AB
539 756 652 810 edd.
698 788 760 794 —
801 776 852 809 u.
891 757 940 810 2.
1001 756 1092 808 Ita
1128 757 1423 821 incantant,
1460 761 1658 811 uestrae
1705 755 1850 826 (Ieta

213 834 424 885 incanta
475 833 683 884 inetura
736 829 859 901 AB)
915 830 1097 897 quibus
1148 834 1272 883 sunt
1321 827 1397 900 (es
1449 829 1571 900 AB)
1627 832 1850 884 traditae

214 910 402 959 mentes
438 902 657 975 (tradita
686 905 870 963 mentis
892 901 1015 973 AB)
1055 902 1114 972 L,
1153 903 1295 972 Ipsis
1333 905 1612 969 incanta,
1649 905 1854 957 iactura

218 979 400 1047 quibus
446 982 520 1031 est
564 979 781 1042 tradita,
819 978 1040 1030 mentis
1076 975 1200 1046 Rig.
1239 977 1481 1047 disrupto
1519 995 1615 1046 per
1651 978 1854 1031 tmesin

213 1052 475 1105 uocabulo
523 1048 1008 1104 ‘incantamentisffl
1100 1047 1410 1103 ‘Clariorne
1473 1051 1644 1104 altera
1711 1054 1859 1104 esset

212 1125 438 1178 tmesis?
499 1125 541 1177 I
541 1128 720 1178 nstra
772 1125 1005 1190 [incauta
1044 1124 1270 1177 tinctura
1307 1124 1490 1192 quibus
1526 1129 1599 1178 est
1636 1126 1853 1191 tradita]

213 1199 435 1252 mentis
471 1198 527 1250 id
559 1200 665 1251 est:
704 1197 965 1250 falluntur
1003 1197 1273 1250 uolucreS.
1300 1240 1310 1250 .
1338 1197 1607 1251 .instratis
1647 1216 1854 1251 ramus-

217 1273 350 1326 culis
400 1272 490 1341 qui
529 1271 677 1324 uisco
716 1269 1036 1341 tinguntur?
1114 1269 1265 1324 Pitra
1305 1269 1482 1340 spicil.
1521 1270 1601 1325 IV
1638 1291 1689 1341 p.
1730 1272 1855 1324 228.

214 1346 356 1412 Ipsis
391 1346 629 1398 incautae
665 1349 862 1397 natura
898 1362 944 1412 q.
982 1349 1056 1397 est
1091 1348 1154 1398 tr.
1192 1346 1376 1398 mentis
1416 1343 1565 1398 Oehl.
1604 1376 1675 1383 —
1714 1363 1765 1400 u,
1804 1346 1855 1398 3.

212 1419 584 1487 Deeipiuntque
620 1418 831 1486 stropha
860 1422 1060 1471 uestras
1092 1414 1190 1487 (se.
1221 1416 1453 1488 mentes)
1484 1423 1544 1471 ut
1578 1436 1743 1472 eseam
1779 1435 1855 1472 se-

965 1489 1105 1548 ‹fiurta
1223 1511 1228 1514 ·
1283 1489 1423 1547 ,leuna
1453 1491 1528 1546 (=
1552 1491 1725 1544 uestra)

212 1554 415 1618 quentes
452 1549 511 1619 L,
548 1549 920 1617 Decipiuntque
957 1550 1122 1617 strofa
1160 1549 1247 1619 (A,
1284 1551 1450 1618 strofa
1690 1547 1761 1619 B)
1793 1555 1857 1603 ut

213 1641 321 1677 esea
352 1628 606 1690 sequentes
628 1622 742 1691 AB,
780 1623 852 1676 D.
874 1627 1177 1690 quaestuosa
1209 1621 1392 1693 (aurea
1423 1621 1597 1694 Oehl.)
1635 1629 1697 1677 ut
1724 1640 1853 1687 esea,

214 1702 467 1765 sequentes
504 1696 641 1766 Rig,
680 1697 770 1765 qui
807 1697 864 1749 in
902 1715 1092 1750 comm.
1130 1697 1264 1750 haec
1304 1697 1463 1750 coni.:
1503 1698 1858 1764 decipiuntque

215 1775 386 1835 antra,
423 1775 484 1824 ut
519 1787 644 1834 esea,
681 1787 814 1836 sequ.
876 1769 1071 1823 ‘Antra
1108 1770 1284 1823 fossae
1323 1771 1568 1824 obtectae
1605 1771 1857 1840 uirgultis

220 1848 275 1897 et
313 1844 609 1912 fraudibUS,
648 1843 965 1899 subruendis
1003 1843 1190 1896 bestiis
1221 1843 1503 1913 sequendis
1533 1843 1858 1897 uenatores?

226 1948 289 1957 --
331 1937 381 1971 U.
424 1919 471 1971 7.
516 1918 600 1970 sui
637 1934 829 1984 quoque
865 1916 980 1986 AB,
1017 1917 1212 1985 Suique
1249 1918 1363 1970 edd.
1408 1947 1471 1955 ——
1513 1936 1564 1971 u,
1604 1919 1653 1972 8.
1697 1918 1858 1971 delin-

225 2038 342 2102 quet
378 2033 491 2102 AB,
529 2034 778 2101 delinquit
816 2034 930 2086 edd.
974 2065 1035 2071 —
1078 2052 1129 2086 u,
1168 2035 1216 2087 9.
1272 2035 1459 2102 liqatus
1497 2034 1627 2104 edd„
1667 2003 1860 2103 liqatuf*

819 2105 873 2149 de
902 2118 985 2153 suo
1645 2107 1840 2151 deiectus

220 2165 334 2220 AB.
364 2196 427 2203 —
462 2166 522 2219 de
542 2181 634 2218 suo
659 2164 788 2235 edd,
826 2166 972 2218 decus
995 2164 1107 2218 AB.
1134 2196 1202 2203 —-
1242 2167 1455 2219 deiectus
1479 2166 1608 2235 edd,
1646 2167 1858 2221 dilectus

1127 2237 1354 2292 probatus
1511 2240 1734 2294 priuatus

213 2295 328 2350 AB.
366 2327 438 2333 —
477 2315 524 2349 u.
562 2297 644 2350 10.
677 2298 925 2364 priuatus
962 2297 1093 2366 edd,
1124 2299 1368 2365 priuatus
1406 2298 1474 2367 A,
1507 2300 1756 2380 probatus
1790 2299 1852 2353 B.

216 2458 286 2466 —
303 2428 482 2496 perdet
503 2427 617 2497 AB,
638 2430 814 2496 perdit
835 2429 950 2483 edd.
969 2461 1040 2468 —-
1064 2448 1113 2483 u.
1135 2431 1216 2483 11.
1253 2431 1436 2484 moniti
1459 2431 1588 2500 edd.,
1626 2374 1856 2485 nngxisto

570 2500 733 2544 moniti

223 2559 294 2629 A,
323 2560 525 2613 moniti
553 2577 658 2613 non
695 2562 792 2614 isto
828 2560 890 2614 B.
932 2592 995 2599 —
1046 2581 1096 2617 u.
1142 2563 1223 2614 12.
1277 2562 1586 2616 charitatem
1623 2562 1738 2615 AB.
1780 2593 1850 2600 —

212 2653 260 2686 U.
305 2634 388 2686 13.
441 2633 518 2686 Et
553 2650 716 2687 eseam
753 2633 850 2686 AB
891 2634 1063 2703 Oehl„
1117 2635 1309 2688 Eseam
1347 2635 1468 2706 Rig.
1517 2667 1578 2674 --
1629 2653 1767 2689 mors
1803 2636 1851 2689 B

215 2706 346 2775 edd„
383 2723 491 2760 mos
528 2705 592 2759 A.
630 2737 691 2745 —
736 2707 879 2775 lonqe
914 2709 1074 2761 uitate
1113 2709 1244 2778 edd„
1287 2710 1429 2777 lonqe
1465 2712 1605 2763 uitae
1635 2709 1747 2762 ΑΒ.
1781 2739 1851 2747 -

211 2798 260 2832 u.
290 2781 371 2833 14.
409 2797 539 2847 quae
577 2779 705 2849 edd„
743 2782 833 2847 qui
870 2781 935 2849 A,
973 2798 1005 2849 q
1042 2781 1104 2836 B.
1142 2812 1214 2819 —
1252 2788 1374 2835 sunt
1409 2783 1521 2852 AB,
1561 2784 1698 2850 fiunt
1735 2782 1856 2836 edd.
