2032 3220
715 220 1075 266 PRAEFATIO.
1590 219 1719 264 XVII
1806 253 1809 255 >

260 345 432 401 Apogr.
465 342 598 387 Sirm.
662 342 716 397 -Ι-
779 340 850 384 ed.
883 340 986 397 Rig.
1133 359 1189 375 =
1311 338 1362 382 B.

1205 411 1394 456 arabalo

78 479 107 532 Ι
146 479 196 548 9,
225 480 251 531 1
332 478 508 530 abolla
733 475 1001 528 saraballo
1154 473 1420 527 saraballo
1449 469 1535 543 (in
1558 489 1723 541 mary.

78 627 107 679 Ι
135 625 297 694 11,18
332 623 603 693 aprmutia
735 622 950 675 Admeti
1161 543 1430 690 apffldltfiig

1162 695 1382 748 Admeti

280 814 284 817 -
1078 795 1136 826 ne
1161 780 1354 825 serueris
1378 781 1452 824 uel
1474 779 1723 825 reserueris

78 846 106 898 I
130 846 301 915 27‚1o
324 848 451 914 post
482 845 684 898 cineres
733 843 1025 898 reserueris
1163 844 1291 912 post
1326 842 1528 894 cineres

79 993 135 1046 ΙΙ
155 993 288 1063 1Ο,6
330 991 452 1046 aul'a
732 1009 894 1062 „arma
1160 942 1294 1042 {giril}

79 1082 320 1151 1112,14
360 1081 553 1134 deduat
740 1080 951 1133 dedicat
1160 1079 1392 1205 ᾶοἑ11111οἃἶ1,
1431 1080 1593 1131 inm.
1634 1078 1720 1131 de·

1217 1240 1291 1283 tot
1320 1239 1655 1296 prophetarum

78 1301 134 1354 II
153 1301 235 1371 15,
248 1302 281 1354 2
305 1302 438 1354 tuba
454 1319 703 1371 praesen·
735 1304 821 1355 tot
835 1302 1124 1370 propheta·
1163 1300 1296 1353 tuba
1334 1303 1673 1368 praesentem

383 1379 494 1428 tem
817 1394 844 1427 1·
849 1394 937 1427 11111

1171 1459 1299 1491 caros
1331 1444 1579 1489 histriones

79 1508 135 1561 II
154 1510 236 1578 16,
247 1509 317 1561 22
343 1508 535 1561 choros
558 1508 637 1560 hi·
744 1526 895 1561 caros
920 1508 1136 1562 histrio·
1171 1508 1362 1560 choros
1395 1506 1685 1559 historicos

379 1582 607 1635 storicos
795 1599 891 1634 nes

1168 1681 1288 1712 ‘mors
1319 1666 1451 1712 uenit

79 1728 316 1798 1123,12
340 1747 507 1782 noma
529 1729 640 1782 ruit
737 1747 880 1800 mors
920 1730 1030 1782 ruit
1172 1747 1336 1782 noma
1372 1728 1483 1780 ruit
1531 1764 1534 1767 -

80 1845 252 1909 Quam
300 1846 368 1899 ab
417 1863 637 1899 causam
685 1847 976 1915 scripturas
1018 1845 1319 1914 apographi
1358 1843 1725 1912 811010οᾶ110

81 1920 249 1971 uariis
287 1919 612 1971 lectionibus
650 1936 763 1971 non
800 1919 1030 1987 reposui,
1071 1919 1186 1987 sed,
1225 1921 1285 1970 ut
1324 1936 1472 1971 error
1508 1917 1724 1970 tollere-

80 1996 185 2060 tur,
225 1992 471 2060 equidem
511 1992 763 2061 grauiora
801 1993 869 2044 iis
908 1993 1066 2061 locis,
1106 1992 1300 2061 quibus
1338 1995 1526 2044 nostra
1565 1991 1724 2044 colla-

79 2065 159 2118 tio
201 2068 390 2118 contra
427 2064 797 2135 Rigaltianam
841 2066 1146 2136 pugnabat,
1192 2066 1390 2126 iterum
1425 2065 1724 2133 iterumque

80 2138 295 2207 inspexi
311 2136 379 2208 ²¹²).
420 2168 490 2177 -
540 2136 643 2192 Sed
681 2139 790 2191 iam
830 2139 898 2191 ad
938 2140 1103 2192 aliam
1143 2139 1513 2209 quaestionem
1551 2141 1724 2191 trans-

81 2229 264 2265 eamus
275 2253 289 2279 ,
345 2229 479 2280 quae
528 2215 611 2265 est
658 2212 721 2264 de
760 2212 999 2266 fontibus
1040 2213 1317 2281 utriusque
1357 2211 1568 2265 codicis,
1644 2212 1725 2264 Ac

79 2285 312 2354 primum
352 2285 566 2354 quidem
604 2286 951 2339 manifestum
991 2290 1074 2339 est
1110 2286 1162 2338 A
1194 2304 1258 2339 ex
1289 2285 1334 2338 B
1374 2286 1512 2338 libro
1555 2285 1725 2337 altera

80 2376 152 2410 m.
192 2361 432 2411 correcto
471 2359 690 2411 minime
729 2363 1087 2429 propagatum
1127 2377 1266 2428 esse,
1306 2377 1427 2412 cum
1467 2358 1724 2411 lectiones

81 2430 368 2484 Leidenses
414 2432 575 2484 nimis
614 2432 866 2485 recedant
906 2452 937 2485 a
977 2433 1209 2486 secunda
1247 2433 1555 2485 recensione
1596 2432 1724 2484 alte-

79 2504 191 2556 rius
241 2503 451 2558 codicis.
525 2505 715 2575 Neque
761 2505 812 2558 A
858 2524 922 2559 ex
971 2506 1016 2559 B
1062 2507 1301 2559 nondum
1348 2508 1588 2559 correcto
1638 2505 1725 2557 de·

0 2646 1 2651 1
81 2577 310 2646 scendit3
350 2596 478 2630 nam
518 2579 575 2631 in
612 2579 792 2648 priore
830 2583 982 2649 parte
1022 2579 1296 2633 Leidensis
1336 2579 1604 2648 copiosior
1643 2579 1725 2631 est

199 2737 238 2794 *)
271 2737 463 2783 Librum
486 2753 571 2783 ms.
598 2738 871 2784 Leidensem
896 2738 1078 2796 aliquot
1102 2740 1167 2796 11.,
1199 2739 1281 2784 ubi
1311 2739 1368 2783 de
1400 2737 1599 2782 ueritate
1631 2736 1724 2781 lec·

79 2793 261 2840 tionum
293 2809 322 2840 a
351 2811 425 2840 me
452 2797 786 2856 exscriptamm
810 2798 1023 2844 dubitare
1051 2813 1307 2856 coeperam,
1331 2797 1381 2841 in
1405 2810 1564 2840 meum
1587 2809 1723 2839 usum

79 2853 154 2897 uir
184 2853 527 2899 illustrissimus
559 2857 624 2900 du
653 2856 774 2901 Rieu
810 2856 1008 2914 benigne
1040 2858 1213 2903 iterum
1245 2856 1457 2902 contulit.

169 2936 355 2978 Lemno,
380 2937 432 2970 Co
411 2946 522 2970 o.mm
1337 2930 1367 2973 b
