2032 3220
4 867 5 877 1

4 891 5 904 1

4 1042 6 1057 Ι

6 1173 7 1186 l

5 1219 8 1245 ἵ

5 1295 9 1311 I

7 1466 11 1488 ι

8 1494 10 1518 ἒ

8 1526 11 1560 ἔ

8 1576 12 1596 ›

10 1703 13 1723 ι

0 1793 2 1812 ι

0 1908 3 1919 ,

0 2006 4 2046 Ξ

0 2053 4 2110 ξ

8 2145 16 2170 ,0

0 2172 16 2208 2!

3 2216 24 2247 ,¹12

17 2448 28 2560 ’ἰ

14 2562 29 2680 Ἰ

8 2672 29 2712 ’,ι

26 2719 29 2750 2

26 2754 29 2780 ἶ

311 203 461 248 XXIV
942 201 1304 247 PRAEFATIO.

460 321 518 393 4)
559 320 835 376 Saturnus.
876 351 944 360 —-
987 342 1036 376 n.
1081 323 1126 375 1.
1171 324 1219 376 si
1256 324 1398 391 deus,
1436 325 1557 378 deus
1597 327 1798 392 quamdo
1839 326 1958 396 ΑΒ,

314 399 363 450 si
403 398 539 464 cleu-s,
579 397 782 463 quando
821 396 956 466 Rig„
982 395 1149 462 Oehl„
1185 397 1232 449 si
1261 397 1383 449 deus
1413 400 1659 464 quomodo
1682 399 1953 453 Dauisae—

314 489 362 523 n.
402 472 451 523 4.
496 474 821 523 monstruosa
858 470 920 539 Β,
958 471 1281 523 monstruoso?
1321 470 1386 539 A,
1426 477 1713 526 monstrosa
1752 473 1864 525 edd.
1885 502 1949 510 —

314 563 363 597 u,
405 545 453 597 6.
494 544 603 596 Nec
640 547 751 596 erat
787 545 1014 606 cliuinu-S,
1053 560 1104 596 se
1141 544 1290 596 deum
1327 561 1430 597 6336
1468 546 1661 599 dicebat
1696 546 1811 616 ΑΒ,
1851 546 1961 599 Nec

316 618 529 670 diuinus
567 621 691 685 erat,
729 618 817 669 secl
851 618 999 669 oleum
1036 634 1139 670 sese
1175 618 1369 670 dicebat
1405 618 1518 672 edd.
1557 650 1630 658 —
1668 638 1718 672 u,
1747 621 1794 673 7.
1831 620 1956 687 Iup-

311 692 447 759 piter
484 690 598 758 ΑΒ,
638 690 841 758 Iupiter
878 689 1001 760 Rig.
1042 721 1113 728 —-
1158 694 1285 759 post
1308 693 1493 745 wis-it
1522 690 1646 763 (sic)
1685 693 1731 746 B
1770 694 1958 746 eadem

316 784 385 817 m.
423 766 614 832 sorpsit
647 764 884 832 praebet,
922 765 1080 818 sensit
1116 763 1179 831 Α,
1221 765 1311 816 sed
1350 766 1407 817 in
1446 784 1614 836 marg.
1652 768 1852 834 sorpsit.

466 837 526 907 5)
572 838 809 905 Iuppiter
847 837 968 906 AB,
1022 838 1226 905 Iupiter
1273 838 1393 907 Rig.
1440 841 1689 908 neglecta
1736 836 1960 893 acrosti-

319 912 503 965 chidos
543 911 768 964 ratione.
809 941 873 949 —
917 930 966 964 u,
995 913 1040 964 1.
1079 911 1318 979 Iuppiter
1355 912 1470 980 AB,
1508 913 1712 980 Iupiter
1748 913 1960 983 Riga—

320 1005 369 1038 U.
401 986 451 1038 4.
488 985 678 1051 fecerat
710 985 856 1050 faber
893 985 976 1038 illi
998 985 1291 1053 Pyracmon
1330 984 1395 1054 Β,
1431 988 1619 1052 fecerat
1654 988 1737 1040 illi
1759 986 1961 1054 Pyray-

318 1076 438 1112 mon
478 1059 678 1112 omisso
715 1059 860 1124 faber
898 1058 963 1111 A.
1018 1088 1088 1096 -—
1143 1078 1194 1112 u,
1234 1059 1284 1112 5.
1337 1061 1526 1113 coelum
1565 1059 1625 1113 Β.
1683 1090 1751 1098 -
1814 1079 1863 1113 u,
1905 1060 1956 1113 8.

318 1137 468 1186 autor
505 1132 564 1185 B.

468 1205 525 1276 6)
563 1205 646 1259 De
679 1205 900 1272 fulmine
937 1206 1101 1275 ipsius
1131 1206 1279 1259 Iouis
1315 1207 1501 1260 audite.
1539 1206 1624 1259 Ex
1649 1205 1963 1260 acrostichi·

321 1281 383 1333 de
423 1281 596 1332 audite
634 1279 831 1348 addidi,
870 1297 1251 1348 quam-uocem
1284 1280 1381 1332 AB
1416 1280 1530 1332 edd.
1563 1280 1956 1332 omiserunt.—

321 1373 368 1407 η.
409 1355 458 1406 2.
496 1355 570 1406 sic
607 1353 669 1421 Β,
706 1354 779 1406 sis
815 1353 881 1405 A.
924 1383 988 1390 ——
1031 1358 1191 1406 censet
1226 1353 1285 1422 L,
1324 1355 1481 1407 censit
1503 1354 1616 1422 AB,
1653 1355 1811 1407 sensit
1848 1352 1965 1405 edd.

323 1458 388 1464 -
431 1446 480 1480 u,
521 1427 569 1479 3.
618 1427 856 1493 nunquid
891 1425 1013 1496 ΑΒ,
1053 1426 1313 1479 Oehlerus
1352 1427 1411 1479 in
1451 1427 1689 1482 adnotat.
1727 1445 1826 1496 pro
1866 1443 1960 1478 cur

322 1515 534 1596 maluit:
590 1532 705 1567 cum
732 1557 742 1567 .
771 1557 780 1567 .
807 1557 817 1567 .
839 1515 1094 1597 infante&
1140 1516 1394 1582 numquid
1431 1534 1543 1584 sqq.
1591 1543 1664 1551 ——
1710 1516 1854 1568 eritis
1893 1514 1959 1567 cf.

322 1605 513 1656 erimus
546 1603 591 1671 1,
610 1603 696 1671 35,
713 1603 763 1672 6,
793 1604 935 1656 eritis
963 1604 1008 1671 1,
1026 1603 1111 1670 38,
1130 1604 1177 1655 2.
1218 1604 1266 1671 2,
1285 1604 1370 1670 32,
1389 1604 1471 1672 11,
1500 1604 1720 1669 feceritis
1744 1605 1794 1672 2,
1811 1603 1897 1671 39,
1913 1602 1967 1655 5.

323 1677 428 1729 uid.
466 1676 594 1729 Luc.
633 1676 814 1728 Muell.
853 1676 916 1728 de
955 1694 1012 1728 re
1051 1694 1119 1728 m.
1172 1695 1221 1744 p.
1262 1677 1385 1730 365.
1411 1706 1510 1740 .·-·
1565 1695 1614 1729 n.
1652 1677 1703 1729 4.
1756 1677 1866 1744 ayit
1902 1675 1962 1744 L,

323 1751 461 1818 capit
495 1749 593 1802 AB
621 1750 736 1802 edd.
780 1780 843 1786 —
885 1769 937 1802 u,
955 1749 1003 1802 5.
1043 1754 1184 1802 aetas
1222 1749 1344 1817 ΑΒ,
1386 1749 1622 1802 codicem
1661 1749 1965 1802 Parisinum

323 1824 519 1876 iterum
559 1827 720 1893 atque
757 1824 956 1876 iterum
994 1823 1231 1891 inspexi,
1273 1823 1364 1875 sed
1402 1823 1538 1875 nihil
1585 1823 1649 1876 de
1699 1823 1967 1891 scriptura

324 1902 466 1950 actus
514 1897 646 1966 legi,
699 1915 860 1965 quam
909 1894 1159 1949 Schurzfl.
1205 1897 1264 1948 in
1311 1897 1569 1965 supplem.
1617 1896 1683 1948 ad
1727 1896 1782 1977 h.
1820 1897 1852 1949 1.
1900 1913 1966 1948 ex

329 2013 643 2083 apographo
693 2006 960 2066 Sirmondi
1008 2013 1195 2068 adfert.
1239 2043 1301 2050 -
1345 2015 1489 2066 cessit
1525 2013 1597 2082 A,
1644 1983 1805 2066 cessit
1840 2010 1970 2082 (sic)

330 2087 375 2139 B
423 2085 559 2155 (non
596 2091 775 2150 cessat,
823 2086 963 2155 quod
1013 2085 1264 2139 Schurzfl.
1301 2084 1572 2155 testatur).
1620 2116 1689 2124 —-
1739 2105 1788 2139 u,
1831 2086 1860 2138 7
1889 2103 1966 2153 sq.

326 2160 506 2213 Iouem
544 2161 830 2212 tonitruare
869 2163 926 2212 tu
963 2160 1125 2212 credis
1153 2160 1171 2227 ΙΙ
1201 2159 1402 2211 Natum
1439 2161 1512 2212 sic
1550 2161 1609 2211 in
1640 2160 1802 2223 terris,
1843 2159 1972 2210 lacte·

327 2235 538 2300 caprino
569 2234 825 2285 nutritum
854 2233 920 2301 A,
954 2233 1160 2285 Natum
1189 2233 1262 2285 sic
1293 2236 1389 2285 etc.
1420 2234 1648 2285 nutritus
1678 2231 1739 2301 Β,
1778 2233 1968 2285 credis:

326 2311 481 2359 natus
517 2306 622 2358 hic.
649 2348 658 2358 .
685 2307 941 2358 ‚nutritur
979 2305 1093 2358 edd.
1133 2336 1202 2342 —
1242 2325 1291 2358 u.
1324 2306 1372 2357 9.
1411 2307 1757 2358 cleuorauisset
1791 2305 1851 2373 L,
1890 2306 1969 2357 de-

330 2384 557 2433 uorasset
594 2379 692 2432 AB
733 2379 847 2431 edd.
903 2409 978 2417 --
1029 2398 1080 2431 U.
1118 2379 1151 2431 9
1179 2396 1252 2447 sq.
1305 2378 1457 2431 Pitra,
1496 2378 1673 2447 spicil.
1711 2378 1738 2430 I
1777 2397 1826 2447 p.
1859 2378 1969 2430 543

331 2452 632 2506 acrosticho
664 2453 881 2505 turbato
914 2452 992 2504 ita
1023 2451 1263 2504 dederat:
1304 2452 1445 2519 Eryo
1483 2453 1530 2504 si
1566 2453 1717 2505 illum
1753 2467 1968 2505 uoras-

328 2531 416 2579 set
467 2526 728 2579 Saturnus
779 2527 837 2579 in
889 2526 1003 2578 istis
1032 2526 1049 2593 ΙΙ
1082 2525 1432 2592 Temporibus,
1485 2527 1601 2592 quis
1651 2527 1780 2591 [iam
1828 2525 1969 2589 tunc]

324 2599 535 2668 pluebat
579 2599 670 2651 illo
709 2598 976 2664 defuncto?
1031 2617 1188 2667 quem
1229 2598 1469 2651 ordinem
1508 2599 1622 2667 ipse
1662 2602 1852 2666 postea
1891 2597 1968 2648 ui-

329 2673 615 2741 tuperauit.
640 2702 710 2709 -—
735 2690 785 2724 u,
806 2673 887 2724 11.
927 2671 1240 2725 Praesertim
1278 2672 1485 2724 mortali
1523 2672 1722 2724 omisso
1761 2673 1808 2724 si
1847 2669 1970 2738 ΑΒ,

319 2763 376 2813 p.
417 2747 464 2798 si
501 2763 567 2797 m.
608 2744 722 2798 edd.
777 2776 847 2783 -—
902 2763 951 2797 u,
996 2746 1078 2797 12.
1139 2748 1187 2797 et
1221 2745 1399 2810 defecit
1434 2746 1492 2797 in
1530 2746 1657 2812 ipsis
1695 2744 1793 2796 AB
1836 2742 1970 2811 edd„

330 2823 378 2870 et
413 2819 486 2871 ibi
523 2819 701 2884 defecit
735 2817 887 2870 Pitra
928 2816 1108 2886 spicil.
1147 2817 1175 2869 I
1212 2836 1262 2886 p.
1289 2818 1411 2871 543.
1455 2848 1517 2856 —
1561 2837 1610 2870 u.
1640 2818 1720 2871 13.
1755 2817 1970 2885 proplie-
