2010 3220
233 213 266 265 6
859 212 1250 259 COMMODIANI

233 330 272 386 S
313 337 412 386 unt
451 333 665 403 quidem
704 334 761 386 in
793 334 967 403 astris,
1008 335 1100 387 sed
1131 353 1240 388 non
1272 354 1368 388 sua
1400 336 1592 402 sponte
1624 337 1866 387 currunt:

232 405 275 460 Ο
309 407 614 476 mnipotens
653 407 798 475 illos,
838 425 958 460 cum
998 408 1250 461 conderet
1290 410 1471 462 omnia
1509 408 1757 477 primum,

229 479 275 532 L
310 481 490 534 ocauit
527 480 727 533 ibidem
766 499 887 534 cum
928 481 1116 534 saeclis
1156 485 1351 550 quarta
1389 481 1607 535 dierum.
1841 494 1866 533 5

229 553 276 607 E
311 572 516 608 rrorem
557 555 808 623 antiquus
850 555 978 623 quin
1018 573 1136 608 cum
1160 598 1168 608 .
1196 598 1206 608 .
1233 598 1280 609 ..

227 671 273 724 Ε
309 675 333 724 t
373 672 588 741 quidem
627 672 686 725 in
725 671 866 742 Lege
905 673 1084 741 iussit,
1122 691 1189 726 ne
1230 675 1348 743 quis
1388 674 1509 741 illos
1549 673 1748 726 adoret.

230 744 277 797 Τ
311 749 368 799 ot
409 746 536 799 deos
578 745 767 815 oratiS,
808 745 899 816 qui
936 746 1073 799 nihil
1113 747 1175 800 de
1214 748 1329 800 uita
1365 747 1705 815 promittunt,

225 861 271 914 L
307 880 370 915 ex
409 881 634 933 quorum
677 863 735 916 in
773 866 921 917 terra
958 883 1070 918 non
1110 867 1213 933 est,
1251 882 1349 917 nec
1387 864 1492 932 ipsi
1531 863 1815 933 praedicti3

160 937 173 978 ἕ
227 935 279 989 U
312 955 370 990 os
411 940 590 990 autem
631 938 890 990 seducunt
930 938 1232 991 sacerdotes
1272 938 1430 1007 pauci
1468 937 1637 1006 praui,
1813 951 1866 991 10

216 1009 268 1064 ⁴N
311 1011 494 1063 umina
533 1011 625 1080 qui
666 1011 850 1064 dicunt
889 1011 1093 1081 aliquid
1131 1011 1389 1065 morituro
1430 1010 1697 1080 prodesse.

178 1102 190 1151 ἶ
223 1081 275 1135 Α
307 1084 508 1137 ccedite
547 1083 680 1154 Legi
721 1087 773 1137 et
812 1085 1000 1138 discite
1040 1088 1094 1139 et
1133 1085 1292 1138 dicite
1333 1103 1536 1139 uerum

831 1212 1270 1345 ΜΕΒᾶὶῙζἹΒΙΠΞ.

193 1377 286 1431 lM
310 1378 544 1431 ercurius
583 1381 764 1432 uester
801 1380 897 1431 fiat
936 1397 1057 1432 cum
1097 1379 1362 1432 saraballo
1403 1377 1643 1447 depictus

224 1450 272 1505 E
309 1455 334 1504 t
373 1452 528 1522 galea
566 1455 620 1504 et
659 1452 745 1505 ala
783 1453 1042 1522 pinnatus
1084 1455 1137 1505 et
1176 1455 1354 1506 cetera
1392 1452 1581 1504 nudus.

136 1578 139 1579 γ
205 1524 280 1578 *R
311 1543 396 1578 em
435 1525 590 1578 uideo
630 1526 844 1595 miram,
886 1525 1043 1579 deum
1082 1517 1308 1579 saccello
1348 1526 1556 1579 uolare:

225 1597 265 1652 G
306 1599 473 1652 urrite
512 1600 823 1668 properanti
863 1618 985 1653 curn
1024 1600 1229 1670 gremio
1271 1617 1375 1669 quo
1415 1599 1566 1652 uolat
1603 1599 1710 1668 ille,

224 1671 277 1725 U
308 1675 333 1725 t
372 1673 645 1726 sacculum
685 1673 945 1742 effundat,
986 1692 1083 1726 uos
1125 1675 1317 1726 extunc
1357 1674 1526 1725 estote
1565 1673 1756 1740 parati.
1840 1685 1865 1725 5

223 1744 278 1799 R
310 1746 533 1815 espicite
572 1746 801 1816 pictum,
842 1747 1098 1816 quoniam
1138 1747 1293 1799 uobis
1335 1746 1409 1799 sic
1449 1745 1516 1798 ab
1558 1746 1667 1799 alto

222 1819 257 1872 I
307 1820 509 1873 actabit
538 1838 809 1890 nummos3
849 1838 946 1874 uos
986 1823 1115 1873 tunc
1155 1820 1349 1873 saltate
1390 1819 1598 1872 securi?

223 1892 275 1946 U
309 1911 408 1946 ane
447 1911 558 1947 non
597 1894 801 1948 insanis
812 1935 827 1962 ‚
867 1894 1041 1948 colere
1082 1893 1209 1947 deos
1248 1893 1422 1962 pictos
1462 1893 1518 1945 in
1559 1892 1693 1946 axe‘?

227 1963 265 2020 S
306 1967 325 2019 i
363 1967 544 2020 uiuere
583 1969 782 2036 nescis,
822 1985 942 2020 cum
981 1967 1168 2021 bestiis
1209 1983 1372 2037 perge
1413 1967 1626 2020 morari.

845 2111 1259 2225 Napi‘cNUs.

225 2259 269 2313 N
306 2263 568 2330 eptunum
605 2259 784 2314 facitis
825 2258 981 2313 deum
1021 2277 1085 2312 ex
1124 2257 1356 2312 Saturno
1395 2261 1700 2327 pronatum,

223 2333 271 2386 E
306 2337 330 2386 t
367 2334 655 2387 tridentem
694 2333 856 2404 regit,
896 2336 957 2386 ut
996 2333 1169 2402 pisces
1211 2331 1459 2401 suffigere
1498 2332 1684 2401 possit.

224 2406 274 2460 P
308 2410 421 2460 atet
461 2425 575 2460 esse
617 2407 796 2460 deum!
839 2407 1089 2460 cumatile
1128 2405 1209 2458 illi
1246 2406 1453 2474 parate!

227 2479 274 2533 T
309 2480 510 2533 roianis
548 2499 661 2534 non
699 2481 812 2549 ipse
852 2499 973 2533 cum
1013 2479 1265 2548 Apolline
1305 2496 1486 2531 muros
1527 2477 1742 2531 eduxit?

224 2552 276 2606 U
306 2554 409 2607 nde
448 2554 575 2606 deus
616 2553 788 2607 factus
827 2554 986 2623 inops
1027 2552 1415 2606 caementarius
1455 2551 1584 2604 ille?
1837 2563 1862 2604 5

224 2625 271 2679 N
304 2645 373 2680 on
392 2625 681 2696 Cyclopem
705 2628 893 2697 genuit
909 2624 1243 2680 monstrum?
1266 2622 1394 2678 Non
1410 2624 1664 2679 moechus
1682 2623 1764 2677 et
1750 2642 1864 2693 lpse

224 2698 322 2753 U
307 2718 450 2753 luere
473 2719 582 2754 non
608 2703 823 2769 poterat
846 2701 910 2753 de
936 2700 1070 2753 suo‘?
1103 2698 1229 2770 quid
1254 2702 1578 2752 structuram
1602 2697 1860 2768 gerebat?

227 2771 266 2826 S
306 2773 355 2827 ic
394 2773 581 2844 genuit
619 2776 904 2843 generatus
946 2774 1038 2858 qui
1075 2772 1180 2825 fuit
1219 2772 1328 2824 iam
1367 2776 1609 2826 mortuus
1650 2771 1793 2825 olim

343 2893 384 2944 8,
420 2893 467 2933 7:
509 2888 695 2933 Denter.
727 2893 768 2945 4,
805 2894 871 2935 19.
924 2893 991 2941 17,
1025 2893 1065 2934 3.
