2010 3220
729 191 1090 238 PRAEFATIO.
1563 197 1734 242 XLVII

95 329 127 378 q
166 310 279 379 AB,
316 328 444 378 quae
482 311 596 364 edd.
639 341 702 350 -
745 329 795 365 ιι.
834 312 883 364 9.
923 314 1241 367 transmittat
1275 312 1390 381 AB,
1429 317 1738 369 transmittit

97 384 227 452 edd„
265 352 572 439 transmittis
611 384 687 437 ed.
715 382 966 438 Sehurzfl.
1006 415 1076 423 —
1115 387 1322 439 animos
1345 355 1411 455 A⁷,
1448 404 1560 442 aios
1597 387 1658 440 B.
1664 419 1727 427 —-

95 477 144 510 ιι.
187 426 270 511 10.
307 458 480 512 uidere
517 455 632 524 AB,
670 458 845 510 uiuere
876 458 992 512 edd.
1035 489 1097 496 —
1140 477 1192 512 ιι.
1228 460 1308 512 11.
1347 461 1567 513 secunda
1605 461 1735 530 edd„

96 532 310 584 secundo
332 529 454 598 ΑΒ,
492 533 618 598 post
653 532 874 584 secunda
911 531 1027 585 edd.
1068 532 1388 586 sententiam
1430 533 1733 587 finiuerunt.

99 634 163 642 —
205 622 257 656 u.
277 604 362 658 12.
390 604 624 671 primam
662 603 722 672 L,
751 605 931 670 prima
967 604 1084 674 AB,
1111 607 1287 672 primo
1326 605 1440 659 edd.
1486 636 1547 645 —-
1578 624 1736 674 prae·

94 678 239 730 uenit
273 677 325 730 h.
350 694 392 728 e.
418 676 692 745 superauit
720 676 781 745 L,
818 679 1017 730 reuenit
1037 677 1135 730 AB
1161 679 1290 745 edd„
1320 680 1551 732 reuinxit
1570 679 1735 750 Dau.;

97 749 248 803 Oehl.
298 750 443 803 hune
492 767 706 803 uersum
755 750 963 804 minore
1012 751 1444 820 interpunctione
1491 752 1734 805 adhibita

98 823 346 892 sequenti
383 823 575 876 iunxit.
618 853 682 862 —
724 842 775 877 ιι.
819 823 903 877 13.
930 841 1110 891 praua
1148 825 1419 879 luctatione
1455 842 1600 878 uana
1635 843 1734 879 see-

99 897 248 950 lerati
284 894 354 964 L,
388 913 567 963 parua
604 897 878 949 dictatione
913 898 1214 951 renascelati
1250 896 1371 966 AB,
1398 900 1736 966 praeuarica-

97 971 256 1023 tione-s
306 986 478 1024 uanas
521 970 644 1022 clati
690 969 829 1037 edd.;
889 988 988 1038 pro
1028 972 1330 1025 renascelati
1366 970 1518 1024 Pitra
1557 970 1735 1040 Spicil.

98 1042 178 1095 IV
215 1061 267 1111 p.
300 1043 407 1096 227
449 1043 583 1095 coni.
622 1043 884 1096 recalciati
920 1043 953 1096 i.
995 1062 1037 1097 e.
1075 1044 1317 1098 rebelles,
1360 1074 1424 1083 ·-
1467 1064 1516 1098 ιι.
1544 1045 1627 1098 15.
1664 1046 1738 1098 In

97 1117 245 1169 cuius
279 1116 530 1168 iudicium
566 1115 681 1180 AB,
718 1115 981 1170 Iudicium
1019 1119 1163 1170 cuius
1202 1117 1316 1171 edd.
1345 1148 1408 1156 —-
1449 1117 1516 1170 cd
1540 1117 1729 1171 AB.—

97 1190 332 1242 uencrint
366 1188 431 1258 L,
484 1190 640 1241 uerit
655 1188 776 1257 AB,
829 1191 1030 1243 uenerit
1067 1190 1182 1244 edd.
1223 1221 1287 1228 -
1338 1191 1637 1259 diynoscant
1672 1191 1735 1259 B,

96 1263 399 1331 diynoscunt
432 1261 499 1330 A,
536 1263 828 1330 diynoscent
865 1263 981 1317 edd.

233 1333 339 1419 ‚37)
382 1334 483 1400 Qui
520 1336 844 1389 iudacidiant
875 1336 1112 1401 fanatici
1142 1367 1205 1374 ——
1239 1337 1413 1390 iudaei
1450 1338 1601 1390 diant
1621 1311 1734 1404 AB,

98 1408 190 1461 sed
227 1408 284 1462 in
324 1411 616 1477 conspeetu
655 1409 768 1461 eod.
800 1407 846 1461 B
883 1410 1179 1477 praemisso
1217 1413 1358 1463 reete
1396 1410 1736 1463 Iudaeidiant

97 1482 268 1535 astera
305 1499 471 1535 manu
510 1481 768 1551 scriptum
808 1485 904 1536 est.
946 1482 1329 1536 Iudaeidiare’
1361 1485 1446 1536 est
1482 1501 1580 1551 pro
1622 1482 1732 1534 Iu-

98 1553 384 1623 daeizare',
413 1553 477 1607 cf.
500 1573 641 1607 uarr.
665 1555 809 1609 lectt.
848 1555 1209 1609 exorcidiandi
1240 1557 1392 1610 uerbi
1422 1557 1478 1608 in
1501 1555 1732 1609 Hartelii

97 1628 220 1681 edit.
260 1626 421 1696 Cypr.
460 1627 584 1695 436,
612 1628 702 1696 163
739 1629 865 1697 448,
893 1631 983 1698 113
1021 1629 1146 1698 441,
1173 1630 1256 1682 12.
1294 1660 1368 1668 —
1405 1648 1454 1681 u.
1484 1631 1528 1683 1.
1565 1630 1737 1682 nudus

98 1700 196 1754 AB
236 1699 312 1770 (h.
352 1719 396 1753 e.
437 1701 550 1754 sine
590 1701 705 1769 de0,
742 1702 1018 1770 profanuS,
1058 1702 1123 1755 cf.
1161 1703 1396 1755 nudatus
1438 1720 1471 1754 a
1508 1701 1652 1772 Lege
1690 1704 1735 1769 1,

96 1775 185 1843 24,
223 1775 305 1844 2);
342 1774 571 1828 Iudaeus
609 1774 724 1827 edd.
763 1805 834 1813 --
872 1794 923 1827 ιι.
955 1775 1004 1828 3.
1042 1792 1187 1828 erras
1223 1774 1374 1843 Dan„
1414 1774 1581 1843 Oehl.,
1619 1791 1734 1827 eras

98 1846 196 1900 AB
236 1847 357 1916 Rig.
401 1876 464 1884 —
508 1866 558 1899 ιι.
582 1847 633 1900 4.
672 1864 846 1900 caccus
883 1865 1083 1901 caecum
1120 1849 1179 1900 in
1212 1849 1354 1914 fossa
1390 1849 1585 1900 reducit
1620 1846 1735 1914 AB,

98 1937 298 1973 caecum
336 1936 513 1973 caecus
548 1921 608 1972 in
642 1920 838 1985 fossam
876 1922 1075 1974 deducit
1111 1920 1224 1975 edd.
1271 1950 1340 1959 —-
1389 1939 1437 1973 ιι.
1478 1921 1527 1973 6.
1580 1921 1735 1974 disce-

98 1995 265 2046 dentes
302 1992 423 2060 AB,
468 1994 710 2046 discentes
748 1994 862 2046 edd.
909 2024 982 2031 —-
1030 1998 1151 2047 eunt
1187 1993 1307 2062 AB,
1353 1997 1473 2045 eant
1509 1993 1621 2046 edd.
1664 2022 1729 2030 -

98 2068 324 2119 ut'docti
361 2064 474 2133 AB,
512 2067 739 2134 doctique
776 2066 892 2120 edd.
930 2096 999 2104 —-
1041 2085 1090 2119 ιι.
1126 2068 1172 2119 7.
1210 2067 1289 2120 At
1323 2066 1452 2135 edd„
1490 2069 1584 2119 aut
1622 2064 1734 2117 AB.

100 2170 169 2178 —
210 2140 347 2193 alias
383 2140 536 2192 uadis
572 2138 638 2208 L,
675 2140 800 2192 aliis
835 2141 1013 2193 suadis
1050 2139 1165 2210 AB,
1203 2141 1275 2192 ad
1308 2156 1390 2193 eos
1425 2140 1579 2192 uadis
1617 2139 1730 2191 edd.

99 2243 167 2250 —
208 2231 258 2265 ιι.
302 2214 383 2266 11.
413 2217 647 2279 pessunt
680 2212 742 2265 Β.
785 2243 850 2252 -
891 2232 940 2267 ιι.
983 2214 1066 2267 13.
1110 2213 1377 2266 mirabilia
1413 2211 1536 2281 AB,
1573 2213 1735 2264 mira-

100 2286 196 2339 bile
235 2285 348 2340 edd.
388 2317 458 2325 -
497 2306 548 2338 u.
592 2286 675 2339 15.
714 2290 818 2338 tota
856 2287 1049 2352 deferre
1085 2286 1199 2355 AB,
1238 2290 1360 2339 nota
1396 2285 1584 2351 referre
1620 2283 1735 2336 edd.

100 2388 169 2397 -
215 2378 265 2412 ιι.
309 2360 395 2413 16.
445 2359 716 2413 concludor
765 2377 913 2427 aycrc
967 2364 1222 2427 conycstus
1264 2360 1435 2412 aratri
1478 2357 1545 2427 L,
1598 2357 1651 2409 h.
1690 2374 1734 2409 e.

98 2432 451 2486 acrostichide
497 2433 759 2486 coercitus
806 2433 1067 2501 impedior
1117 2450 1185 2485 ne
1233 2432 1298 2485 de
1343 2431 1540 2484 hae‘re
1579 2431 1733 2499 plura

100 2505 287 2573 dicam,
326 2506 389 2558 ef.
429 2506 598 2574 2,29,
642 2505 732 2558 15:
772 2505 836 2558 de
875 2506 1109 2558 breuiori
1147 2506 1308 2558 titulo
1346 2522 1457 2558 non
1495 2506 1580 2555 tot
1619 2503 1733 2554 ina-

99 2595 296 2649 rarem3
349 2547 617 2632 conc’ludor
654 2595 852 2646 acerem
889 2583 1158 2646 conyiistiis
1193 2579 1400 2631 aratrix
1438 2575 1557 2644 AB,
1616 2591 1732 2627 con-

100 2651 260 2704 cludit
292 2668 476 2720 ayrum
513 2656 769 2720 conyestus
806 2653 977 2704 aratri
1014 2651 1127 2704 edd.
1153 2682 1223 2690 —
1262 2670 1311 2704 u.
1333 2652 1414 2703 17.
1454 2650 1730 2715 omnipotes

101 2722 166 2776 A.
209 2753 272 2762 —
315 2725 433 2778 illos
471 2725 600 2793 edd„
638 2725 728 2779 illo
749 2724 864 2777 AB.
906 2755 971 2763 —
1013 2725 1290 2792 intelliycre
1311 2723 1423 2776 AB.
1465 2752 1534 2759 —
1571 2739 1619 2772 ιι.
1650 2719 1732 2771 18.

100 2796 155 2849 Α
191 2798 367 2850 scelere
404 2802 545 2851 tanto
585 2797 716 2866 edd„
760 2816 795 2850 a
831 2799 1017 2851 scelera
1056 2802 1201 2851 tanta
1239 2796 1350 2851 AB.
1390 2826 1458 2833 —
1499 2795 1733 2847 crtoentus
