2010 3220
755 180 1115 226 PRAEFATIO.
1672 184 1754 228 LV

16 366 22 385 ι
114 321 164 356 ιι.
193 303 240 356 7.
277 302 422 356 bouis
460 301 588 368 edd.,
627 302 788 354 bouus
825 300 938 353 AB.
983 330 1046 339 —
1088 318 1212 355 cau-e
1247 306 1307 355 ut
1342 320 1446 356 uon
1484 302 1581 355 AB
1623 303 1753 367 edd.,

12 423 22 510 ἓἸ
109 467 237 504 caue
272 467 378 503 uon
414 449 551 502 Dau.
584 478 652 485 —
693 448 961 515 delinquas
998 450 1173 502 inante
1207 448 1346 519 Rig„
1383 393 1650 517 deltzmiigtfs
1687 450 1753 518 A,

173 537 227 580 iu
257 534 400 580 ante²

110 594 498 664 delinquaslB,
550 596 598 648 d.
635 599 695 648 ut
731 595 907 648 inante
943 594 1107 663 Dau„
1153 598 1200 650 d.
1238 601 1299 649 ut
1334 601 1453 649 ante
1492 595 1642 651 Oehl.
1681 627 1750 635 —-

9 695 18 725 52
114 690 165 723 ιι.
205 671 255 724 8.
302 669 524 739 yenitale
562 668 618 738 (i
653 686 702 726 e.
740 671 1021 737 peecatum
1060 668 1308 740 insitum)
1347 671 1512 723 solum
1551 671 1753 723 leuatur

115 743 321 812 Kaelb.,
386 742 604 811 yeuitali
678 743 788 796 sola
848 746 1088 795 teuautur
1147 742 1269 812 AB,
1332 744 1552 811 yenitale
1609 745 1753 798 solooe

115 814 178 888 (i.
217 835 260 870 e.
301 816 483 870 sordes
523 816 777 886 genitalis
814 813 1044 886 peccati)
1083 816 1294 869 lauatur
1340 816 1483 887 Rig„
1539 818 1755 885 yeui'talz

8 895 12 911 ⁴
110 891 302 944 seelera
340 891 579 944 leuantur
614 888 766 958 Dau„
798 889 1050 957 yenitalia
1077 890 1189 943 sola
1221 891 1313 944 leu.
1339 889 1506 959 Oehl.,
1537 892 1755 958 yenitali

111 965 250 1017 stola
289 965 491 1018 leuatur
526 962 679 1016 Pitra
718 961 856 1032 Spie.
895 961 975 1015 IV
1014 981 1065 1031 p.
1104 963 1228 1017 228.
1270 994 1337 1002 —
1379 984 1430 1017 ιι.
1459 964 1509 1017 9.
1547 963 1753 1018 Cateeu-

8 1056 14 1083 ·.
112 1038 301 1102 miuus,
340 1038 406 1112 οξ.
446 1036 748 1091 acrostich..
737 1056 748 1067 ·
788 1037 1126 1090 caticuminus
1163 1036 1278 1089 AB.
1307 1068 1367 1074 —
1406 1055 1574 1105 poena
1610 1043 1753 1091 uota-

114 1115 202 1164 tur
239 1079 355 1165 edd.
357 1128 531 1179 ,pene
565 1115 751 1164 notant
786 1111 853 1178 A,
882 1127 1014 1179 peno
1051 1114 1235 1164 notant
1270 1109 1332 1164 B.
1373 1142 1443 1149 —
1482 1131 1531 1164 ιι.
1561 1111 1644 1164 10.
1682 1111 1750 1164 In

2 1183 13 1256 ζ
109 1186 275 1253 ,ςέρηίε
313 1183 557 1253 (iusiyuis
594 1184 680 1236 uel
717 1185 949 1252 iusiyuia
986 1182 1112 1267 AB)
1159 1185 1246 1238 ille
1283 1183 1402 1254 (illa
1440 1183 1562 1254 AB>
1601 1187 1756 1238 uiuat

113 1257 246 1328 edd.,
282 1258 325 1310 I
325 1259 390 1312 lle
425 1258 579 1311 uiuat
616 1255 828 1328 (deletis
867 1276 955 1310 uu.
993 1258 1053 1309 iu
1089 1256 1274 1328 siquis)
1315 1256 1503 1311 Kaelb.
1535 1289 1605 1296 —
1643 1260 1755 1312 siue

111 1333 317 1386 damno.
361 1332 688 1396 Memoreris‚
733 1330 798 1400 L,
858 1333 970 1385 siue
1006 1332 1194 1385 damno
1231 1333 1543 1384 memoraria
1579 1332 1655 1401 A,
1714 1350 1752 1385 s.

110 1406 309 1459 damna
353 1406 657 1459 memoraris
701 1404 773 1473 B,
832 1406 944 1458 siue
986 1406 1182 1458 damna
1230 1422 1511 1458 memorare
1562 1405 1751 1459 Kaelb.

0 1509 8 1548 ς
116 1478 252 1532 Edd.
294 1497 507 1532 uersum
555 1496 616 1531 ae
655 1479 979 1531 sententiam
1017 1482 1143 1546 post
1179 1498 1230 1531 ιι.
1271 1478 1518 1532 ‘damno'
1556 1479 1753 1532 finiunt

112 1551 355 1622 Rigaltio
405 1555 643 1620 auctore,
697 1552 789 1622 qui
828 1569 999 1621 neque
1036 1552 1285 1605 lectionis
1322 1554 1625 1606 memoraris
1662 1570 1752 1605 ne·

0 1655 7 1676 2
113 1644 216 1695 que
264 1627 399 1679 alius
447 1626 699 1680 uocabuli
744 1629 871 1694 post
909 1624 1160 1678 ‘damna'
1201 1626 1388 1695 scripti
1426 1628 1752 1679 mentionem

29 1765 33 1771 .
111 1699 257 1753 feeit.

260 1786 332 1857 Π,
356 1788 406 1841 6.
444 1787 726 1840 Fidemus.
756 1817 818 1825 -
862 1749 921 1840 ιι.
940 1788 988 1840 1.
1024 1787 1285 1851 admmwo,
1320 1787 1512 1853 fratres
1548 1788 1609 1840 de
1637 1788 1751 1840 odio

114 1862 300 1915 tollant
344 1859 419 1930 (h.
459 1878 502 1912 e.
546 1863 610 1912 ut
654 1860 849 1913 fratres
889 1860 1011 1913 odio
1051 1860 1291 1913 eximant
1327 1878 1432 1912 neu
1472 1860 1595 1913 odio
1634 1878 1751 1928 per·

113 1933 430 2004 sequantur)
470 1933 644 2002 Oehl.,
703 1935 970 1998 admonm,
1011 1933 1204 2000 fratres
1247 1951 1311 1986 ue
1357 1932 1440 2004 (de
1477 1932 1598 2003 AB)
1637 1951 1680 1986 0.
1720 1939 1751 1986 t.

0 2060 1 2064 ,
113 2006 236 2077 Rig.
274 2007 334 2060 in
373 2007 570 2076 adnot„
607 2008 743 2061 adm.
778 2008 864 2073 fr„
902 2009 962 2060 de
999 2025 1042 2060 o.
1081 2011 1114 2060 t.
1153 2007 1289 2060 Dau.
1312 2006 1501 2059 Kaelb.
1531 2037 1593 2044 —
1636 2026 1685 2059 ιι.
1702 2006 1750 2060 3.

108 2081 392 2134 destruitur
415 2080 581 2149 Oehl.,
618 2081 687 2134 id.
725 2081 783 2133 in
821 2099 1012 2134 comm.
1042 2082 1306 2148 despuitur
1344 2081 1502 2148 coni.;
1542 2081 1753 2133 distrui-

0 2180 2 2220 ;
112 2159 199 2207 tur
241 2153 334 2207 AB
358 2154 480 2225 Rig.
525 2184 588 2192 —
630 2174 681 2208 ιι.
705 2154 755 2208 5.
794 2155 977 2222 iniqua
1014 2153 1076 2206 B.
1117 2184 1186 2192 —
1227 2173 1276 2207 ιι.
1303 2154 1352 2208 6.
1393 2154 1523 2207 lotus
1559 2170 1750 2218 cauere,

109 2229 254 2282 debes
290 2229 531 2282 similiter
566 2233 627 2281 ut
661 2232 732 2282 tu.
785 2227 851 2280 In
882 2227 980 2280 AB
1020 2227 1151 2280 haec
1190 2228 1465 2297 leguntur:
1506 2227 1637 2280 lotus
1661 2226 1750 2296 (A,

110 2315 262 2416 {kotus
283 2359 356 2431 B)
394 2361 522 2414 delet
557 2358 646 2431 (A,
684 2361 821 2414 debet
841 2358 912 2431 B)
951 2377 1122 2414 carere
1151 2360 1287 2414 debis
1315 2360 1553 2413 similiter
1581 2343 1640 2412 ut
1670 2365 1748 2426 tu3

113 2434 315 2488 omissa
358 2452 490 2488 uoce
536 2435 667 2488 lotus
715 2434 829 2488 edd.
875 2434 1156 2503 praebent:
1209 2434 1348 2487 debet
1383 2450 1553 2487 carere
1589 2434 1720 2486 dolis
1733 2451 1750 2494 ‚·

0 2484 3 2543 }
109 2508 352 2562 similiter
387 2512 435 2560 et
473 2512 548 2578 tu3
586 2507 795 2562 Kaelb.:
835 2508 968 2560 lotus
1004 2524 1182 2560 cauere
1219 2507 1375 2571 debet,
1413 2523 1452 2560 s.
1490 2511 1539 2559 et
1576 2511 1646 2559 tu.
1678 2536 1750 2543 --
1857 2482 1861 2485 A

0 2614 3 2618 -
113 2600 163 2635 ιι.
206 2582 253 2634 7.
282 2598 463 2648 peccas
498 2582 612 2648 qui.
638 2623 649 2634 .
675 2623 686 2634 .
691 2582 959 2649 protendis
996 2580 1094 2633 AB
1134 2580 1264 2649 edd.,
1293 2583 1479 2648 peceat,
1518 2580 1750 2646 quisquis

105 2656 368 2722 protendit
404 2654 554 2706 Pitra
593 2652 774 2723 Spicil.
811 2654 838 2707 I
875 2673 926 2722 p.
966 2654 1090 2707 543.
1142 2684 1204 2691 —-
1262 2672 1313 2706 ιι.
1353 2654 1400 2706 8.
1445 2654 1614 2720 prisce
1650 2668 1748 2704 sec-

114 2732 232 2781 tans
292 2727 415 2796 AB,
466 2729 646 2794 prisca
697 2732 894 2781 secta-us
948 2726 1090 2796 Rig„
1140 2727 1372 2795 pristina
1428 2743 1467 2778 3.
1521 2724 1750 2791 Lacroz„

0 2818 2 2823 ’
115 2799 381 2867 Schurzfl.,
421 2799 571 2853 Pitra
612 2799 750 2869 Spie.
790 2801 817 2853 I
856 2820 906 2869 p.
939 2801 1062 2869 543,
1092 2801 1321 2867 praesc-ie
1357 2816 1398 2852 s.
1438 2797 1605 2867 Oehl.,
1638 2798 1752 2864 pri·
