2032 3220
745 874 1259 980 PRAEFATSIO.

329 1041 527 1095 Edenti
594 1042 728 1095 mihi
788 1043 1092 1112 nuperrime
1155 1041 1531 1096 Commodiani
1593 1041 1852 1111 Carmen,

180 1114 596 1186 Apolegeticum
651 1117 812 1171 amici
867 1117 1112 1171 nonnulli
1165 1120 1572 1186 persuaserunt,
1628 1120 1689 1170 ut
1738 1117 1826 1170 In-

184 1191 540 1244 structionum
579 1209 790 1260 quoque
828 1209 1029 1244 nouam
1070 1190 1359 1244 editionem
1398 1209 1659 1260 pararem.
1720 1190 1826 1244 Ita-

184 1282 284 1334 que
325 1283 446 1317 cum
484 1265 593 1317 iam
634 1266 931 1334 coepissem
965 1283 1098 1334 opus
1132 1265 1529 1335 apologeticum
1561 1265 1707 1335 typis
1740 1265 1827 1317 de-

184 1338 438 1407 scribere,
487 1357 519 1391 a
566 1339 794 1393 consilio
842 1339 1093 1392 editionis
1141 1339 1423 1392 institutae
1473 1339 1549 1391 sic
1590 1339 1829 1408 discessi,

181 1415 242 1464 ut
279 1412 523 1465 libellum
561 1414 897 1483 recognitum
935 1414 1055 1466 loco
1095 1413 1394 1482 particulae
1435 1414 1697 1467 secundae
1735 1431 1828 1482 po-

181 1504 386 1556 nerem3
433 1487 560 1540 inde
599 1491 781 1540 autem
819 1487 1026 1540 factum
1065 1490 1169 1557 est,
1207 1491 1268 1540 ut
1309 1505 1393 1556 ea,
1433 1505 1570 1556 quae
1607 1487 1667 1540 in
1704 1506 1827 1556 pro-

181 1561 478 1630 legomenis
529 1561 593 1613 de
642 1562 783 1615 libro
836 1580 932 1614 ms,
988 1564 1043 1614 et
1097 1561 1161 1613 de
1222 1560 1546 1614 editionibus
1602 1561 1827 1631 aliisque

181 1635 435 1687 subsidiis
488 1635 686 1688 referre
732 1635 1023 1704 debebam,
1076 1635 1368 1706 releganda
1414 1635 1719 1688 omitterem
1768 1636 1828 1687 in

180 1708 573 1777 praefationem
611 1710 908 1779 particulae
946 1709 1156 1778 prioris,
1214 1709 1354 1761 Tum
1385 1727 1529 1778 uero,
1570 1709 1827 1779 quoniam

183 1782 250 1834 ab
289 1783 444 1836 initio
484 1783 621 1836 mihi
650 1802 764 1837 non
801 1783 981 1836 fuerat
1020 1783 1078 1835 in
1118 1783 1297 1836 animo
1337 1781 1826 1836 Instructiones

180 1872 587 1926 recognoscere,
633 1875 754 1909 cum
801 1856 1071 1925 praesidia
1110 1860 1257 1909 certa
1296 1856 1363 1908 ad
1402 1857 1692 1909 editionem
1730 1875 1827 1910 no-

182 1947 309 1981 uam
351 1929 718 1982 adornandam
757 1933 976 1999 praesto
1025 1948 1137 1982 non
1177 1933 1380 1999 essent,
1427 1948 1629 1999 paucos
1677 1931 1829 1983 locos

184 2020 248 2054 ex
286 2003 596 2056 recensione
634 2003 908 2057 Francisci
940 2003 1157 2057 Oehleri
1197 2003 1333 2071 dedi,
1373 2022 1508 2073 quae
1548 2007 1602 2056 et
1640 2024 1672 2057 a
1711 2021 1827 2056 uer-

184 2075 267 2128 bis
306 2079 524 2130 nostrae
564 2080 618 2130 et
656 2096 688 2130 a
726 2096 950 2131 numero
991 2078 1227 2146 ascripto
1268 2077 1459 2130 differt.
1521 2077 1604 2131 Ea
1642 2078 1826 2148 igitur,

182 2167 319 2219 quae
359 2151 559 2204 omissa
590 2169 833 2221 quaeque
864 2154 1073 2205 mutata
1105 2155 1246 2217 sunt,
1283 2169 1428 2204 nunc
1467 2151 1708 2205 addenda
1748 2156 1828 2204 at-

182 2241 283 2291 que
323 2224 640 2294 corrigenda
676 2226 1035 2294 proferantur.
1112 2225 1194 2278 Ac
1231 2226 1467 2294 primum
1507 2226 1723 2294 quidem
1763 2226 1827 2277 de

182 2294 433 2350 Carmine
459 2297 819 2368 Apologetico
861 2299 1118 2368 dicamUS,
1158 2300 1308 2352 cuius
1349 2299 1639 2353 editionem
1679 2299 1824 2368 prin-

181 2370 353 2438 cipem
390 2369 443 2423 J.
484 2371 546 2424 B.
585 2371 789 2441 Pitra,
834 2373 921 2425 uir
962 2375 1017 2425 et
1055 2374 1329 2443 elegantia
1366 2373 1572 2442 ingenii
1612 2376 1667 2425 et
1704 2373 1827 2425 doc-

181 2443 358 2495 trinae
398 2445 555 2514 copia
591 2445 838 2516 insigniS,
878 2465 1019 2499 anno
1055 2447 1198 2500 1852
1236 2447 1295 2499 in
1335 2444 1612 2516 Spicilegii
1653 2445 1826 2500 Soles·
1880 2503 1883 2506 .

181 2518 382 2570 mensis
420 2520 459 2571 t,
482 2517 509 2570 I
546 2517 769 2572 Parisiis
803 2516 969 2590 (apud
992 2519 1200 2573 Firmin
1220 2519 1394 2573 ¹Didot
1423 2518 1642 2590 fratres)
1674 2520 1825 2588 typis

182 2591 390 2643 curauit
419 2591 834 2660 imprimendam
867 2612 895 2647 e
928 2594 1107 2647 codice
1138 2595 1196 2646 in
1225 2594 1557 2647 bibliotheca
1589 2594 1827 2647 maxima

183 2662 425 2717 Thomae
462 2663 698 2735 Phillipp
703 2667 768 2720 sii
806 2666 1252 2720 Middlehillensis
1309 2668 1614 2735 adseruato,
1669 2684 1826 2735 quem

184 2735 274 2803 (cf.
316 2738 558 2810 prolegg.
596 2758 646 2808 p.
684 2739 870 2811 XVII)
917 2740 1135 2794 refert
1146 2741 1451 2809 nuperrime
1501 2741 1723 2794 allatum
1762 2758 1827 2791 ex

186 2808 360 2879 Italia,
392 2811 547 2879 quasi
579 2830 606 2864 e
637 2817 820 2867 uetere
851 2814 1073 2868 libraria
1104 2814 1387 2898 Bobiensi3
1429 2815 1685 2883 scriptum
1711 2813 1827 2883 qui-
