<?xml version="1.0" encoding="UTF-8"?>
<!DOCTYPE html PUBLIC "-//W3C//DTD XHTML 1.0 Transitional//EN"
    "http://www.w3.org/TR/xhtml1/DTD/xhtml1-transitional.dtd">
<html xmlns="http://www.w3.org/1999/xhtml" xml:lang="en" lang="en">
 <head>
  <title>
</title>
<meta http-equiv="Content-Type" content="text/html;charset=utf-8" />
  <meta name='ocr-system' content='tesseract 3.04.00' />
  <meta name='ocr-capabilities' content='ocr_page ocr_carea ocr_par ocr_line ocrx_word'/>
</head>
<body>
  <div class='ocr_page' id='page_1' title='image "./carminalud01commuoft_0125.png"; bbox 0 0 2010 3220; ppageno 0'>
   <div class='ocr_carea' id='block_1_1' title="bbox 548 182 1740 242">
    <p class='ocr_par' dir='ltr' id='par_1_1' title="bbox 548 182 1740 242">
     <span class='ocr_line' id='line_1_1' title="bbox 548 182 1740 242; baseline 0.002 -15"><span class='ocrx_word' id='word_1_1' title='bbox 548 182 1055 229; x_wconf 84' lang='lat' dir='ltr'>INSTRUCTIONUM</span> <span class='ocrx_word' id='word_1_2' title='bbox 1085 185 1198 231; x_wconf 89' lang='lat' dir='ltr'><strong>LIB.</strong></span> <span class='ocrx_word' id='word_1_3' title='bbox 1230 186 1286 230; x_wconf 92' lang='lat' dir='ltr'>II.</span> <span class='ocrx_word' id='word_1_4' title='bbox 1667 190 1740 242; x_wconf 85' lang='lat'>45</span> 
     </span>
    </p>
   </div>
   <div class='ocr_carea' id='block_1_2' title="bbox 106 302 1740 580">
    <p class='ocr_par' dir='ltr' id='par_1_2' title="bbox 107 302 1571 372">
     <span class='ocr_line' id='line_1_2' title="bbox 107 302 1571 372; baseline 0.002 -15"><span class='ocrx_word' id='word_1_5' title='bbox 107 302 157 357; x_wconf 89' lang='lat' dir='ltr'>P</span> <span class='ocrx_word' id='word_1_6' title='bbox 187 302 459 372; x_wconf 86' lang='lat' dir='ltr'>raecipitis</span> <span class='ocrx_word' id='word_1_7' title='bbox 498 303 698 371; x_wconf 90' lang='lat' dir='ltr'>populo</span> <span class='ocrx_word' id='word_1_8' title='bbox 707 343 721 371; x_wconf 90' lang='lat'><strong><em>,</em></strong></span> <span class='ocrx_word' id='word_1_9' title='bbox 760 320 918 371; x_wconf 89' lang='lat' dir='ltr'>quem</span> <span class='ocrx_word' id='word_1_10' title='bbox 955 304 1013 357; x_wconf 91' lang='lat' dir='ltr'>in</span> <span class='ocrx_word' id='word_1_11' title='bbox 1053 304 1286 358; x_wconf 86' lang='lat' dir='ltr'>schisma</span> <span class='ocrx_word' id='word_1_12' title='bbox 1323 306 1571 360; x_wconf 87' lang='lat' dir='ltr'>misistis:</span> 
     </span>
    </p>

    <p class='ocr_par' dir='ltr' id='par_1_3' title="bbox 106 374 1497 445">
     <span class='ocr_line' id='line_1_3' title="bbox 106 374 1497 445; baseline 0.001 -15"><span class='ocrx_word' id='word_1_13' title='bbox 106 374 158 430; x_wconf 80' lang='lat' dir='ltr'>A</span> <span class='ocrx_word' id='word_1_14' title='bbox 188 379 250 430; x_wconf 91' lang='lat' dir='ltr'>ut</span> <span class='ocrx_word' id='word_1_15' title='bbox 287 376 447 429; x_wconf 89' lang='lat' dir='ltr'>facite</span> <span class='ocrx_word' id='word_1_16' title='bbox 486 376 661 445; x_wconf 81' lang='lat' dir='ltr'>legem</span> <span class='ocrx_word' id='word_1_17' title='bbox 700 376 936 429; x_wconf 87' lang='lat' dir='ltr'>ciuitatis</span> <span class='ocrx_word' id='word_1_18' title='bbox 978 379 1072 430; x_wconf 89' lang='lat' dir='ltr'>aut</span> <span class='ocrx_word' id='word_1_19' title='bbox 1109 378 1247 431; x_wconf 84' lang='lat' dir='ltr'>exite</span> <span class='ocrx_word' id='word_1_20' title='bbox 1286 378 1350 431; x_wconf 89' lang='lat' dir='ltr'>de</span> <span class='ocrx_word' id='word_1_21' title='bbox 1387 379 1497 432; x_wconf 87' lang='lat' dir='ltr'>illa.</span> 
     </span>
    </p>

    <p class='ocr_par' dir='ltr' id='par_1_4' title="bbox 107 448 1740 580">
     <span class='ocr_line' id='line_1_4' title="bbox 108 448 1740 524; baseline 0.002 -20"><span class='ocrx_word' id='word_1_22' title='bbox 108 449 149 504; x_wconf 80' lang='lat' dir='ltr'><strong>G</strong></span> <span class='ocrx_word' id='word_1_23' title='bbox 187 449 467 519; x_wconf 85' lang='lat' dir='ltr'>onspicitis</span> <span class='ocrx_word' id='word_1_24' title='bbox 500 448 758 517; x_wconf 89' lang='lat' dir='ltr'>stipulam</span> <span class='ocrx_word' id='word_1_25' title='bbox 789 449 1165 504; x_wconf 84' lang='lat' dir='ltr'>cohaerentem</span> <span class='ocrx_word' id='word_1_26' title='bbox 1198 452 1258 503; x_wconf 93' lang='lat' dir='ltr'>in</span> <span class='ocrx_word' id='word_1_27' title='bbox 1288 453 1455 505; x_wconf 86' lang='lat' dir='ltr'>oculis</span> <span class='ocrx_word' id='word_1_28' title='bbox 1486 454 1740 524; x_wconf 78' lang='lat' dir='ltr'>nostri8,5</span> 
     </span>
     <span class='ocr_line' id='line_1_5' title="bbox 107 522 1619 580; baseline 0.002 -3"><span class='ocrx_word' id='word_1_29' title='bbox 107 523 155 577; x_wconf 82' lang='lat' dir='ltr'><strong>E</strong></span> <span class='ocrx_word' id='word_1_30' title='bbox 190 527 214 576; x_wconf 90' lang='lat' dir='ltr'>t</span> <span class='ocrx_word' id='word_1_31' title='bbox 251 523 447 577; x_wconf 88' lang='lat' dir='ltr'>uestris</span> <span class='ocrx_word' id='word_1_32' title='bbox 487 522 545 575; x_wconf 90' lang='lat' dir='ltr'>in</span> <span class='ocrx_word' id='word_1_33' title='bbox 583 522 750 575; x_wconf 83' lang='lat' dir='ltr'>oculis</span> <span class='ocrx_word' id='word_1_34' title='bbox 789 540 903 576; x_wconf 89' lang='lat' dir='ltr'>non</span> <span class='ocrx_word' id='word_1_35' title='bbox 939 524 1105 577; x_wconf 87' lang='lat' dir='ltr'>uultis</span> <span class='ocrx_word' id='word_1_36' title='bbox 1145 542 1358 577; x_wconf 88' lang='lat' dir='ltr'>cernere</span> <span class='ocrx_word' id='word_1_37' title='bbox 1396 526 1619 580; x_wconf 89' lang='lat' dir='ltr'>trabem.</span> 
     </span>
    </p>
   </div>
   <div class='ocr_carea' id='block_1_3' title="bbox 104 725 1583 870">
    <p class='ocr_par' dir='ltr' id='par_1_5' title="bbox 104 725 1583 870">
     <span class='ocr_line' id='line_1_6' title="bbox 108 725 1520 800; baseline 0.001 -18"><span class='ocrx_word' id='word_1_38' title='bbox 108 725 148 782; x_wconf 89' lang='lat' dir='ltr'>S</span> <span class='ocrx_word' id='word_1_39' title='bbox 186 727 387 781; x_wconf 87' lang='lat' dir='ltr'>ubdola</span> <span class='ocrx_word' id='word_1_40' title='bbox 423 746 528 796; x_wconf 85' lang='lat' dir='ltr'>pax</span> <span class='ocrx_word' id='word_1_41' title='bbox 566 728 724 782; x_wconf 89' lang='lat' dir='ltr'>nobis</span> <span class='ocrx_word' id='word_1_42' title='bbox 764 728 935 797; x_wconf 85' lang='lat' dir='ltr'>uenit,</span> <span class='ocrx_word' id='word_1_43' title='bbox 972 730 1271 797; x_wconf 85' lang='lat' dir='ltr'>persecutio</span> <span class='ocrx_word' id='word_1_44' title='bbox 1310 729 1520 800; x_wconf 82' lang='lat' dir='ltr'>flagrat.</span> 
     </span>
     <span class='ocr_line' id='line_1_7' title="bbox 104 800 1583 870; baseline 0.002 -16"><span class='ocrx_word' id='word_1_45' title='bbox 104 800 159 854; x_wconf 89' lang='lat' dir='ltr'>U</span> <span class='ocrx_word' id='word_1_46' title='bbox 187 802 374 854; x_wconf 89' lang='lat' dir='ltr'>ulnera</span> <span class='ocrx_word' id='word_1_47' title='bbox 409 819 523 855; x_wconf 85' lang='lat' dir='ltr'>non</span> <span class='ocrx_word' id='word_1_48' title='bbox 561 804 776 870; x_wconf 85' lang='lat' dir='ltr'>parent,</span> <span class='ocrx_word' id='word_1_49' title='bbox 816 805 870 855; x_wconf 87' lang='lat' dir='ltr'>et</span> <span class='ocrx_word' id='word_1_50' title='bbox 908 803 984 855; x_wconf 88' lang='lat' dir='ltr'>sic</span> <span class='ocrx_word' id='word_1_51' title='bbox 1023 802 1137 855; x_wconf 89' lang='lat' dir='ltr'>sine</span> <span class='ocrx_word' id='word_1_52' title='bbox 1178 803 1338 856; x_wconf 87' lang='lat' dir='ltr'>caede</span> <span class='ocrx_word' id='word_1_53' title='bbox 1376 805 1583 870; x_wconf 84' lang='lat' dir='ltr'>ruistis3</span> 
     </span>
    </p>
   </div>
   <div class='ocr_carea' id='block_1_4' title="bbox 0 873 1744 946">
    <p class='ocr_par' dir='ltr' id='par_1_6' title="bbox 0 873 1744 946">
     <span class='ocr_line' id='line_1_8' title="bbox 0 873 1744 946; baseline 0.002 -19"><span class='ocrx_word' id='word_1_54' title='bbox 0 887 2 940; x_wconf 72' lang='grc' dir='ltr'><strong>ι</strong></span> <span class='ocrx_word' id='word_1_55' title='bbox 102 873 154 928; x_wconf 90' lang='grc' dir='ltr'><strong>Β</strong></span> <span class='ocrx_word' id='word_1_56' title='bbox 187 874 350 928; x_wconf 90' lang='lat' dir='ltr'>ellum</span> <span class='ocrx_word' id='word_1_57' title='bbox 387 875 444 927; x_wconf 90' lang='lat' dir='ltr'>in</span> <span class='ocrx_word' id='word_1_58' title='bbox 483 875 803 928; x_wconf 85' lang='lat' dir='ltr'>absconsum</span> <span class='ocrx_word' id='word_1_59' title='bbox 842 875 1060 945; x_wconf 86' lang='lat' dir='ltr'>geritur,</span> <span class='ocrx_word' id='word_1_60' title='bbox 1099 876 1197 929; x_wconf 85' lang='lat' dir='ltr'>sub</span> <span class='ocrx_word' id='word_1_61' title='bbox 1236 893 1366 944; x_wconf 89' lang='lat' dir='ltr'>pace</span> <span class='ocrx_word' id='word_1_62' title='bbox 1405 877 1535 946; x_wconf 89' lang='lat' dir='ltr'>quin</span> <span class='ocrx_word' id='word_1_63' title='bbox 1572 877 1744 946; x_wconf 88' lang='lat' dir='ltr'>ipsud.</span> 
     </span>
    </p>
   </div>
   <div class='ocr_carea' id='block_1_5' title="bbox 0 955 2 1013">
    <p class='ocr_par' dir='ltr' id='par_1_7' title="bbox 0 955 2 1013">
     <span class='ocr_line' id='line_1_9' title="bbox 0 955 2 1013; baseline 0 0"><span class='ocrx_word' id='word_1_64' title='bbox 0 955 2 1013; x_wconf 48' lang='lat' dir='ltr'>k</span> 
     </span>
    </p>
   </div>
   <div class='ocr_carea' id='block_1_6' title="bbox 104 946 1743 1091">
    <p class='ocr_par' dir='ltr' id='par_1_8' title="bbox 104 946 1743 1091">
     <span class='ocr_line' id='line_1_10' title="bbox 104 946 1743 1019; baseline 0.002 -19"><span class='ocrx_word' id='word_1_65' title='bbox 104 946 158 999; x_wconf 81' lang='lat' dir='ltr'>l)</span> <span class='ocrx_word' id='word_1_66' title='bbox 188 966 216 1000; x_wconf 91' lang='lat' dir='ltr'>e</span> <span class='ocrx_word' id='word_1_67' title='bbox 254 948 410 1001; x_wconf 90' lang='lat' dir='ltr'>uobis</span> <span class='ocrx_word' id='word_1_68' title='bbox 448 948 540 1001; x_wconf 84' lang='lat' dir='ltr'>uix</span> <span class='ocrx_word' id='word_1_69' title='bbox 577 966 715 1001; x_wconf 84' lang='lat' dir='ltr'>unus</span> <span class='ocrx_word' id='word_1_70' title='bbox 755 951 908 1001; x_wconf 89' lang='lat' dir='ltr'>caute</span> <span class='ocrx_word' id='word_1_71' title='bbox 948 966 1064 1002; x_wconf 88' lang='lat' dir='ltr'>sese</span> <span class='ocrx_word' id='word_1_72' title='bbox 1102 950 1284 1019; x_wconf 87' lang='lat' dir='ltr'>gessit.</span> <span class='ocrx_word' id='word_1_73' title='bbox 1688 964 1743 1004; x_wconf 90' lang='lat'>10</span> 
     </span>
     <span class='ocr_line' id='line_1_11' title="bbox 107 1018 1387 1091; baseline 0 -17"><span class='ocrx_word' id='word_1_74' title='bbox 107 1018 153 1074; x_wconf 84' lang='grc'>0</span> <span class='ocrx_word' id='word_1_75' title='bbox 189 1022 333 1075; x_wconf 88' lang='lat' dir='ltr'>malo</span> <span class='ocrx_word' id='word_1_76' title='bbox 372 1021 567 1074; x_wconf 90' lang='lat' dir='ltr'>nutriti</span> <span class='ocrx_word' id='word_1_77' title='bbox 605 1025 661 1075; x_wconf 93' lang='lat' dir='ltr'>et</span> <span class='ocrx_word' id='word_1_78' title='bbox 699 1021 756 1073; x_wconf 91' lang='lat' dir='ltr'>in</span> <span class='ocrx_word' id='word_1_79' title='bbox 794 1022 1060 1076; x_wconf 88' lang='lat' dir='ltr'>occisione</span> <span class='ocrx_word' id='word_1_80' title='bbox 1100 1022 1387 1091; x_wconf 71' lang='lat' dir='ltr'>praedicti!</span> 
     </span>
    </p>
   </div>
   <div class='ocr_carea' id='block_1_7' title="bbox 0 1093 1581 1247">
    <p class='ocr_par' dir='ltr' id='par_1_9' title="bbox 0 1093 1581 1247">
     <span class='ocr_line' id='line_1_12' title="bbox 0 1093 1520 1165; baseline 0.001 -19"><span class='ocrx_word' id='word_1_81' title='bbox 0 1104 1 1158; x_wconf 58' lang='grc' dir='ltr'>ξ</span> <span class='ocrx_word' id='word_1_82' title='bbox 104 1093 151 1146; x_wconf 79' lang='lat' dir='ltr'>L</span> <span class='ocrx_word' id='word_1_83' title='bbox 186 1094 396 1148; x_wconf 88' lang='lat' dir='ltr'>audatis</span> <span class='ocrx_word' id='word_1_84' title='bbox 435 1113 622 1163; x_wconf 89' lang='lat' dir='ltr'>pacem</span> <span class='ocrx_word' id='word_1_85' title='bbox 662 1095 943 1149; x_wconf 83' lang='lat' dir='ltr'>subdolam</span> <span class='ocrx_word' id='word_1_86' title='bbox 983 1098 1037 1148; x_wconf 88' lang='lat' dir='ltr'>et</span> <span class='ocrx_word' id='word_1_87' title='bbox 1074 1095 1228 1148; x_wconf 89' lang='lat' dir='ltr'>uobis</span> <span class='ocrx_word' id='word_1_88' title='bbox 1266 1096 1520 1165; x_wconf 89' lang='lat' dir='ltr'>iniquam.</span> 
     </span>
     <span class='ocr_line' id='line_1_13' title="bbox 104 1166 1581 1247; baseline 0.001 -26.944"><span class='ocrx_word' id='word_1_89' title='bbox 104 1166 156 1220; x_wconf 84' lang='lat' dir='ltr'>A</span> <span class='ocrx_word' id='word_1_90' title='bbox 185 1168 372 1222; x_wconf 87' lang='lat' dir='ltr'>lterius</span> <span class='ocrx_word' id='word_1_91' title='bbox 410 1168 541 1221; x_wconf 87' lang='lat' dir='ltr'>facti</span> <span class='ocrx_word' id='word_1_92' title='bbox 579 1168 800 1238; x_wconf 72' lang='lat' dir='ltr'>milites,</span> <span class='ocrx_word' id='word_1_93' title='bbox 838 1187 949 1222; x_wconf 88' lang='lat' dir='ltr'>non</span> <span class='ocrx_word' id='word_1_94' title='bbox 987 1167 1211 1238; x_wconf 80' lang='lat' dir='ltr'>Christi,</span> <span class='ocrx_word' id='word_1_95' title='bbox 1248 1169 1478 1238; x_wconf 86' lang='lat' dir='ltr'>peristis.</span> <span class='ocrx_word' id='word_1_96' title='bbox 1578 1244 1581 1247; x_wconf 7' lang='grc' dir='ltr'>ἢ</span> 
     </span>
    </p>
   </div>
   <div class='ocr_carea' id='block_1_8' title="bbox 22 1571 1742 1635">
    <p class='ocr_par' dir='ltr' id='par_1_10' title="bbox 22 1571 1742 1635">
     <span class='ocr_line' id='line_1_14' title="bbox 22 1571 1742 1635; baseline -0.001 -2"><span class='ocrx_word' id='word_1_97' title='bbox 22 1571 26 1610; x_wconf 84' lang='grc' dir='ltr'><em>ῑ</em></span> <span class='ocrx_word' id='word_1_98' title='bbox 104 1590 148 1634; x_wconf 89' lang='lat'>11</span> <span class='ocrx_word' id='word_1_99' title='bbox 178 1594 235 1635; x_wconf 82' lang='lat'>25</span> <span class='ocrx_word' id='word_1_100' title='bbox 268 1589 320 1635; x_wconf 87' lang='grc' dir='ltr'>ο.</span> <span class='ocrx_word' id='word_1_101' title='bbox 786 1572 822 1606; x_wconf 63' lang='lat' dir='ltr'>*s</span> <span class='ocrx_word' id='word_1_102' title='bbox 842 1588 1006 1633; x_wconf 84' lang='lat' dir='ltr'><strong>XXVI.</strong></span> <span class='ocrx_word' id='word_1_103' title='bbox 1603 1593 1657 1635; x_wconf 71' lang='grc' dir='ltr'>ετ</span> <span class='ocrx_word' id='word_1_104' title='bbox 1689 1588 1742 1632; x_wconf 83' lang='lat' dir='ltr'>R.</span> 
     </span>
    </p>
   </div>
   <div class='ocr_carea' id='block_1_9' title="bbox 694 1706 1161 1762">
    <p class='ocr_par' dir='ltr' id='par_1_11' title="bbox 694 1706 1161 1762">
     <span class='ocr_line' id='line_1_15' title="bbox 694 1706 1161 1762; baseline -0.002 -1"><span class='ocrx_word' id='word_1_105' title='bbox 694 1706 1161 1762; x_wconf 81' lang='lat' dir='ltr'>LEOTORIBUS.</span> 
     </span>
    </p>
   </div>
   <div class='ocr_carea' id='block_1_10' title="bbox 15 1855 1613 2144">
    <p class='ocr_par' dir='ltr' id='par_1_12' title="bbox 15 1855 1568 1996">
     <span class='ocr_line' id='line_1_16' title="bbox 15 1855 1568 1929; baseline -0.004 -19"><span class='ocrx_word' id='word_1_106' title='bbox 15 1904 19 1922; x_wconf 23' lang='grc'>,-</span> <span class='ocrx_word' id='word_1_107' title='bbox 107 1856 154 1910; x_wconf 84' lang='lat' dir='ltr'>L</span> <span class='ocrx_word' id='word_1_108' title='bbox 189 1860 396 1910; x_wconf 84' lang='lat' dir='ltr'>ectores</span> <span class='ocrx_word' id='word_1_109' title='bbox 436 1873 631 1929; x_wconf 75' lang='lat' dir='ltr'>moneo</span> <span class='ocrx_word' id='word_1_110' title='bbox 671 1855 932 1924; x_wconf 86' lang='lat' dir='ltr'>quosdam</span> <span class='ocrx_word' id='word_1_111' title='bbox 972 1871 1293 1925; x_wconf 82' lang='lat' dir='ltr'>cognoscere</span> <span class='ocrx_word' id='word_1_112' title='bbox 1331 1855 1568 1920; x_wconf 84' lang='lat' dir='ltr'>tantum,</span> 
     </span>
     <span class='ocr_line' id='line_1_17' title="bbox 16 1925 1490 1996; baseline -0.003 -14"><span class='ocrx_word' id='word_1_113' title='bbox 16 1930 20 1989; x_wconf 74' lang='lat' dir='ltr'>J</span> <span class='ocrx_word' id='word_1_114' title='bbox 107 1930 155 1983; x_wconf 87' lang='grc' dir='ltr'><strong>Ε</strong></span> <span class='ocrx_word' id='word_1_115' title='bbox 189 1932 214 1982; x_wconf 89' lang='lat' dir='ltr'>t</span> <span class='ocrx_word' id='word_1_116' title='bbox 253 1929 376 1981; x_wconf 90' lang='lat' dir='ltr'>dare</span> <span class='ocrx_word' id='word_1_117' title='bbox 415 1929 697 1981; x_wconf 76' lang='lat' dir='ltr'>materiam</span> <span class='ocrx_word' id='word_1_118' title='bbox 738 1928 926 1981; x_wconf 86' lang='lat' dir='ltr'>ceteris</span> <span class='ocrx_word' id='word_1_119' title='bbox 966 1928 1210 1996; x_wconf 86' lang='lat' dir='ltr'>exemplo</span> <span class='ocrx_word' id='word_1_120' title='bbox 1249 1925 1490 1994; x_wconf 89' lang='lat' dir='ltr'>uiuendi,</span> 
     </span>
    </p>

    <p class='ocr_par' dir='ltr' id='par_1_13' title="bbox 16 1998 1412 2071">
     <span class='ocr_line' id='line_1_18' title="bbox 16 1998 1412 2071; baseline -0.003 -15"><span class='ocrx_word' id='word_1_121' title='bbox 16 1998 22 2021; x_wconf 69' lang='lat'><em>⁵</em></span> <span class='ocrx_word' id='word_1_122' title='bbox 107 2002 149 2057; x_wconf 80' lang='lat' dir='ltr'>O</span> <span class='ocrx_word' id='word_1_123' title='bbox 171 2005 428 2055; x_wconf 75' lang='lat' dir='ltr'>&#39;ertamen</span> <span class='ocrx_word' id='word_1_124' title='bbox 465 2002 652 2071; x_wconf 86' lang='lat' dir='ltr'>fugere</span> <span class='ocrx_word' id='word_1_125' title='bbox 690 2002 812 2054; x_wconf 89' lang='lat' dir='ltr'>lites</span> <span class='ocrx_word' id='word_1_126' title='bbox 849 2000 1178 2070; x_wconf 88' lang='lat' dir='ltr'>totidemque</span> <span class='ocrx_word' id='word_1_127' title='bbox 1216 2000 1412 2068; x_wconf 88' lang='lat' dir='ltr'>uitare,</span> 
     </span>
    </p>

    <p class='ocr_par' dir='ltr' id='par_1_14' title="bbox 17 2073 1613 2144">
     <span class='ocr_line' id='line_1_19' title="bbox 17 2073 1613 2144; baseline -0.001 -18"><span class='ocrx_word' id='word_1_128' title='bbox 17 2123 20 2126; x_wconf 80' lang='grc'>,</span> <span class='ocrx_word' id='word_1_129' title='bbox 113 2075 161 2129; x_wconf 85' lang='grc' dir='ltr'><strong>Τ</strong></span> <span class='ocrx_word' id='word_1_130' title='bbox 195 2093 426 2129; x_wconf 87' lang='lat' dir='ltr'>errorem</span> <span class='ocrx_word' id='word_1_131' title='bbox 465 2092 728 2144; x_wconf 84' lang='lat' dir='ltr'>premere,</span> <span class='ocrx_word' id='word_1_132' title='bbox 765 2092 866 2128; x_wconf 89' lang='lat' dir='ltr'>nec</span> <span class='ocrx_word' id='word_1_133' title='bbox 903 2092 1141 2144; x_wconf 87' lang='lat' dir='ltr'>unquam</span> <span class='ocrx_word' id='word_1_134' title='bbox 1180 2091 1296 2126; x_wconf 87' lang='lat' dir='ltr'>esse</span> <span class='ocrx_word' id='word_1_135' title='bbox 1338 2073 1613 2141; x_wconf 80' lang='lat' dir='ltr'>superbos,</span> 
     </span>
    </p>
   </div>
   <div class='ocr_carea' id='block_1_11' title="bbox 109 2146 1745 2219">
    <p class='ocr_par' dir='ltr' id='par_1_15' title="bbox 109 2146 1745 2219">
     <span class='ocr_line' id='line_1_20' title="bbox 109 2146 1745 2219; baseline -0.004 -16"><span class='ocrx_word' id='word_1_136' title='bbox 109 2147 156 2203; x_wconf 85' lang='grc'>0</span> <span class='ocrx_word' id='word_1_137' title='bbox 192 2149 417 2219; x_wconf 89' lang='lat' dir='ltr'>bsequia</span> <span class='ocrx_word' id='word_1_138' title='bbox 453 2149 606 2202; x_wconf 87' lang='lat' dir='ltr'>iuxta</span> <span class='ocrx_word' id='word_1_139' title='bbox 643 2148 910 2201; x_wconf 88' lang='lat' dir='ltr'>malorum</span> <span class='ocrx_word' id='word_1_140' title='bbox 949 2164 1159 2218; x_wconf 90' lang='lat' dir='ltr'>quoque</span> <span class='ocrx_word' id='word_1_141' title='bbox 1198 2146 1420 2214; x_wconf 83' lang='lat' dir='ltr'>deferte3</span> <span class='ocrx_word' id='word_1_142' title='bbox 1719 2157 1745 2197; x_wconf 86' lang='lat'>5</span> 
     </span>
    </p>
   </div>
   <div class='ocr_carea' id='block_1_12' title="bbox 13 2219 1587 2290">
    <p class='ocr_par' dir='ltr' id='par_1_16' title="bbox 13 2219 1587 2290">
     <span class='ocr_line' id='line_1_21' title="bbox 13 2219 1587 2290; baseline -0.003 -15"><span class='ocrx_word' id='word_1_143' title='bbox 13 2255 21 2289; x_wconf 69' lang='lat'><em>÷</em></span> <span class='ocrx_word' id='word_1_144' title='bbox 108 2221 164 2274; x_wconf 81' lang='lat' dir='ltr'><strong>R</strong></span> <span class='ocrx_word' id='word_1_145' title='bbox 194 2222 367 2275; x_wconf 87' lang='lat' dir='ltr'>eddite</span> <span class='ocrx_word' id='word_1_146' title='bbox 405 2240 504 2276; x_wconf 89' lang='lat' dir='ltr'>uos</span> <span class='ocrx_word' id='word_1_147' title='bbox 544 2220 759 2275; x_wconf 85' lang='lat' dir='ltr'>Christo</span> <span class='ocrx_word' id='word_1_148' title='bbox 798 2221 1049 2290; x_wconf 78' lang='lat' dir='ltr'>humileS‚</span> <span class='ocrx_word' id='word_1_149' title='bbox 1088 2220 1264 2289; x_wconf 86' lang='lat' dir='ltr'>filioli,</span> <span class='ocrx_word' id='word_1_150' title='bbox 1305 2219 1587 2289; x_wconf 83' lang='lat' dir='ltr'>magistr03</span> 
     </span>
    </p>
   </div>
   <div class='ocr_carea' id='block_1_13' title="bbox 12 2341 23 2466">
    <p class='ocr_par' dir='ltr' id='par_1_17' title="bbox 12 2341 23 2466">
     <span class='ocr_line' id='line_1_22' title="bbox 12 2341 23 2466; baseline 0 -12"><span class='ocrx_word' id='word_1_151' title='bbox 12 2341 23 2466; x_wconf 72' lang='grc' dir='ltr'><strong>ἑ</strong></span> 
     </span>
    </p>
   </div>
   <div class='ocr_carea' id='block_1_14' title="bbox 107 2293 1610 2510">
    <p class='ocr_par' dir='ltr' id='par_1_18' title="bbox 107 2293 1610 2510">
     <span class='ocr_line' id='line_1_23' title="bbox 112 2293 1282 2366; baseline -0.003 -17"><span class='ocrx_word' id='word_1_152' title='bbox 112 2294 150 2349; x_wconf 93' lang='grc' dir='ltr'>Ι</span> <span class='ocrx_word' id='word_1_153' title='bbox 192 2298 315 2348; x_wconf 87' lang='lat' dir='ltr'>nter</span> <span class='ocrx_word' id='word_1_154' title='bbox 353 2295 628 2366; x_wconf 75' lang='lat' dir='ltr'>agrestina</span> <span class='ocrx_word' id='word_1_155' title='bbox 665 2294 959 2348; x_wconf 83' lang='lat' dir='ltr'>benefactis</span> <span class='ocrx_word' id='word_1_156' title='bbox 996 2293 1110 2346; x_wconf 93' lang='lat' dir='ltr'>lilia</span> <span class='ocrx_word' id='word_1_157' title='bbox 1149 2293 1282 2346; x_wconf 84' lang='lat' dir='ltr'>sitis.</span> 
     </span>
     <span class='ocr_line' id='line_1_24' title="bbox 110 2366 1258 2437; baseline -0.003 -16"><span class='ocrx_word' id='word_1_158' title='bbox 110 2367 161 2421; x_wconf 90' lang='grc' dir='ltr'><strong>Β</strong></span> <span class='ocrx_word' id='word_1_159' title='bbox 195 2370 302 2421; x_wconf 89' lang='lat' dir='ltr'>eati</span> <span class='ocrx_word' id='word_1_160' title='bbox 340 2369 471 2422; x_wconf 88' lang='lat' dir='ltr'>facti</span> <span class='ocrx_word' id='word_1_161' title='bbox 509 2369 663 2437; x_wconf 76' lang='lat' dir='ltr'>estiS‚</span> <span class='ocrx_word' id='word_1_162' title='bbox 704 2387 824 2422; x_wconf 93' lang='lat' dir='ltr'>cum</span> <span class='ocrx_word' id='word_1_163' title='bbox 861 2367 1033 2420; x_wconf 87' lang='lat' dir='ltr'>feritis</span> <span class='ocrx_word' id='word_1_164' title='bbox 1073 2366 1258 2419; x_wconf 87' lang='lat' dir='ltr'>edicta.</span> 
     </span>
     <span class='ocr_line' id='line_1_25' title="bbox 107 2438 1610 2510; baseline -0.003 -15"><span class='ocrx_word' id='word_1_165' title='bbox 107 2440 161 2494; x_wconf 83' lang='lat' dir='ltr'>U</span> <span class='ocrx_word' id='word_1_166' title='bbox 193 2459 252 2494; x_wconf 89' lang='lat' dir='ltr'>os</span> <span class='ocrx_word' id='word_1_167' title='bbox 291 2442 450 2495; x_wconf 89' lang='lat' dir='ltr'>flores</span> <span class='ocrx_word' id='word_1_168' title='bbox 488 2443 546 2494; x_wconf 88' lang='lat' dir='ltr'>in</span> <span class='ocrx_word' id='word_1_169' title='bbox 587 2442 761 2510; x_wconf 80' lang='lat' dir='ltr'>plebe,</span> <span class='ocrx_word' id='word_1_170' title='bbox 799 2458 896 2494; x_wconf 90' lang='lat' dir='ltr'>uos</span> <span class='ocrx_word' id='word_1_171' title='bbox 936 2440 1064 2493; x_wconf 80' lang='lat' dir='ltr'>estis</span> <span class='ocrx_word' id='word_1_172' title='bbox 1103 2438 1305 2493; x_wconf 81' lang='lat' dir='ltr'>Christi</span> <span class='ocrx_word' id='word_1_173' title='bbox 1341 2438 1610 2506; x_wconf 85' lang='lat' dir='ltr'>lucernae,</span> 
     </span>
    </p>
   </div>
   <div class='ocr_carea' id='block_1_15' title="bbox 111 2511 1744 2585">
    <p class='ocr_par' dir='ltr' id='par_1_19' title="bbox 15 2505 1744 2585">
     <span class='ocr_line' id='line_1_26' title="bbox 111 2511 1744 2585; baseline -0.003 -17.333"><span class='ocrx_word' id='word_1_174' title='bbox 111 2512 151 2568; x_wconf 84' lang='lat' dir='ltr'>S</span> <span class='ocrx_word' id='word_1_175' title='bbox 190 2518 371 2569; x_wconf 85' lang='lat' dir='ltr'>eruate</span> <span class='ocrx_word' id='word_1_176' title='bbox 410 2515 555 2585; x_wconf 89' lang='lat' dir='ltr'><strong>quod</strong></span> <span class='ocrx_word' id='word_1_177' title='bbox 595 2515 724 2568; x_wconf 87' lang='lat' dir='ltr'>estis</span> <span class='ocrx_word' id='word_1_178' title='bbox 764 2517 818 2567; x_wconf 90' lang='lat' dir='ltr'>et</span> <span class='ocrx_word' id='word_1_179' title='bbox 855 2530 1150 2567; x_wconf 86' lang='lat' dir='ltr'>memorare</span> <span class='ocrx_word' id='word_1_180' title='bbox 1187 2511 1491 2582; x_wconf 82' lang='lat' dir='ltr'>potestatis,</span> <span class='ocrx_word' id='word_1_181' title='bbox 1691 2522 1744 2562; x_wconf 92' lang='lat'>10</span> 
     </span>
    </p>
   </div>
   <div class='ocr_carea' id='block_1_16' title="bbox 13 2698 27 2794">
    <p class='ocr_par' dir='ltr' id='par_1_20' title="bbox 13 2698 27 2794">
     <span class='ocr_line' id='line_1_27' title="bbox 13 2698 27 2794; baseline 0 0"><span class='ocrx_word' id='word_1_182' title='bbox 13 2698 27 2794; x_wconf 71' lang='grc' dir='ltr'><em>ξ</em></span> 
     </span>
    </p>
   </div>
   <div class='ocr_carea' id='block_1_17' title="bbox 230 2715 1162 2832">
    <p class='ocr_par' dir='ltr' id='par_1_21' title="bbox 230 2715 1162 2832">
     <span class='ocr_line' id='line_1_28' title="bbox 230 2715 1162 2773; baseline -0.002 -13"><span class='ocrx_word' id='word_1_183' title='bbox 230 2721 302 2773; x_wconf 84' lang='lat'>25,</span> <span class='ocrx_word' id='word_1_184' title='bbox 334 2722 373 2763; x_wconf 87' lang='lat'>5.</span> <span class='ocrx_word' id='word_1_185' title='bbox 408 2723 456 2761; x_wconf 86' lang='lat'>6:</span> <span class='ocrx_word' id='word_1_186' title='bbox 494 2715 663 2761; x_wconf 84' lang='lat' dir='ltr'>Matth.</span> <span class='ocrx_word' id='word_1_187' title='bbox 698 2721 738 2771; x_wconf 77' lang='lat'>7,</span> <span class='ocrx_word' id='word_1_188' title='bbox 771 2721 811 2760; x_wconf 88' lang='grc'>3.</span> <span class='ocrx_word' id='word_1_189' title='bbox 875 2716 984 2761; x_wconf 88' lang='lat' dir='ltr'>Luc.</span> <span class='ocrx_word' id='word_1_190' title='bbox 1019 2720 1059 2771; x_wconf 86' lang='grc'>6,</span> <span class='ocrx_word' id='word_1_191' title='bbox 1092 2719 1162 2759; x_wconf 86' lang='grc'>41.</span> 
     </span>
     <span class='ocr_line' id='line_1_29' title="bbox 230 2776 729 2832; baseline -0.002 -12"><span class='ocrx_word' id='word_1_192' title='bbox 230 2781 302 2832; x_wconf 84' lang='lat'>26,</span> <span class='ocrx_word' id='word_1_193' title='bbox 334 2781 382 2820; x_wconf 84' lang='lat'>9:</span> <span class='ocrx_word' id='word_1_194' title='bbox 422 2776 496 2820; x_wconf 83' lang='lat' dir='ltr'>Ps.</span> <span class='ocrx_word' id='word_1_195' title='bbox 530 2780 627 2830; x_wconf 86' lang='lat'>131,</span> <span class='ocrx_word' id='word_1_196' title='bbox 664 2780 729 2819; x_wconf 72' lang='grc' dir='ltr'>ιτ.</span> 
     </span>
    </p>
   </div>
  </div>
 </body>
</html>
